2648 4470
144 324 183 390 32
553 322 654 373 unsa
672 323 802 375 snmus

180 580 254 643 Scit
267 576 340 640 bene
353 575 436 658 qnid
442 596 590 659 gramen,
607 577 689 661 quid
699 584 781 641 torto
793 579 914 642 concita
929 579 1054 644 rhombo

219 685 323 755 Licca,
340 682 423 765 quid
435 682 542 747 valeat
555 685 649 747 uz‘rus
662 685 803 748 amantis
814 705 927 767 equae,·

180 791 262 854 Cum
277 789 386 861 voluit,
405 795 466 853 toto
476 790 707 872 glomerantur
720 790 830 855 nubila
844 793 941 858 celo:

91 909 126 952 10
218 898 299 960 Cum
315 882 424 969 uoluit,
438 906 522 980 puro
525 898 645 981 fulget
660 899 695 961 in
708 899 782 961 orbe
795 898 885 976 dies,·

178 1005 357 1090 Sanguine,
376 1003 410 1066 si
419 1006 483 1085 qua
487 1003 586 1088 fides,
604 1004 769 1067 stillantia
782 1004 894 1068 sc‘dera
909 1006 1003 1082 vadi,-

215 1094 410 1194 Purpureus
417 1100 524 1174 'Lunae
535 1110 695 1194 sangnine
709 1110 819 1174 uultus
831 1118 905 1176 erat
918 1138 932 1188 ,·
1036 1137 1039 1143 ·

182 1217 277 1281 Hanc
290 1237 349 1302 ego
363 1225 535 1282 nocturnas
550 1238 677 1280 uersam
692 1218 832 1283 uolitare
841 1229 904 1304 per
918 1218 1048 1284 umbras

215 1324 378 1408 Suspicor,
387 1330 429 1387 'et
436 1324 550 1407 pluma
564 1333 677 1407 corpus
688 1324 778 1387 anile
790 1325 885 1410 tegi,-

90 1437 124 1503 ¹5
178 1430 340 1513 Suspicor,
359 1430 489 1512 etfama
503 1437 553 1493 est
559 1456 574 1506 ,·
588 1431 688 1494 oculis
699 1450 822 1514 qnoque
828 1432 952 1516 pupula
967 1432 1086 1517 duplex

218 1536 399 1609 Fulminat,
417 1542 448 1599 et
456 1536 588 1622 gemino
601 1538 708 1601 lumen
722 1538 760 1601 ab
773 1537 846 1601 orbe
859 1539 955 1602 micat
963 1564 976 1614 ,·

179 1644 214 1707 E
214 1648 302 1706 vocat
314 1642 460 1726 antiquis
468 1652 604 1726 proauos
616 1652 785 1728 atavosque
798 1646 964 1731 sepulcris,

217 1749 265 1812 Et
278 1749 413 1812 solidam
429 1750 522 1834 longo
535 1751 678 1814 carmine
681 1750 790 1834 findit
803 1753 943 1817 humum.

176 1857 257 1921 Hac
270 1857 337 1920 sibi
341 1857 508 1940 proposuit
520 1857 676 1921 thalamos
688 1863 845 1922 temerare
853 1859 1009 1943 pudicos,·
1097 1932 1109 1941 ⁶

85 1978 124 2024 20
216 1965 286 2028 Nec
299 1970 403 2028 tamen
417 1963 537 2047 eloquio
551 1964 667 2050 lingna
682 1971 806 2029 nocente
818 1972 916 2031 caret.

177 2073 262 2135 Fors
276 2092 325 2133 me
338 2070 481 2134 sermoni
491 2076 599 2133 testem
613 2071 724 2148 dedit,·
739 2072 767 2134 il
779 2093 799 2134 a
814 2072 955 2137 monebat

221 2179 252 2240 Τ
245 2178 312 2241 aloa
329 2181 393 2256 (me
406 2177 549 2261 duplices
562 2178 726 2241 occuluere
729 2176 839 2260 fhres)
856 2205 868 2242 .·

175 2306 194 2348 a
208 2285 282 2348 Scis
295 2285 370 2346 lure
383 2289 422 2357 te,
442 2304 510 2346 mea
525 2285 593 2353 lux,
604 2284 727 2368 juveni
731 2286 898 2369 placuisse
912 2284 1029 2350 beato?
1097 2277 1102 2283 ¹

215 2391 325 2454 Haesit
337 2397 370 2453 et
384 2391 418 2452 in
433 2392 527 2454 uultu
541 2392 685 2454 constitit
699 2411 799 2474 usque
812 2398 874 2454 tuo.

84 2508 121 2572 25
176 2496 223 2559 Et
237 2518 296 2559 cur
309 2517 368 2559 non
377 2497 534 2580 placeas?
552 2497 642 2560 nulli
651 2498 824 2579 tuuforma
838 2497 974 2561 secunda
988 2504 1037 2560 est
1052 2519 1061 2562 .·

215 2603 270 2666 Me
284 2604 457 2667 miseram!
471 2604 594 2686 dignus
606 2614 734 2688 corpore
747 2605 852 2667 cultus
866 2604 962 2669 abest.

181 2711 212 2772 Τ
205 2732 257 2773 am
261 2710 358 2792 felix
371 2731 455 2773 esses
466 2730 562 2792 quam
566 2710 805 2791 fhrmosissima
820 2710 933 2773 uellem
948 2730 958 2771 :

215 2817 288 2880 Non
302 2837 368 2900 ego,
387 2824 416 2880 te
419 2817 514 2900 facta
527 2816 642 2890 diuite,
656 2828 782 2900 pauper
795 2836 857 2880 ero.

175 2923 280 2988 Stella
294 2924 359 2986 tibi
369 2924 506 3008 oppositi
517 2924 624 2987 nocuit
641 2923 806 2987 contrariu
822 2923 946 2987 Martis
964 2945 973 2987 :

84 3046 124 3110 30
215 3031 311 3093 Mars
324 3030 404 3093 abiit
413 3056 426 3104 ,·
439 3031 534 3114 signo
547 3052 630 3095 nunc
652 3029 753 3095 Venus
766 3035 838 3113 apta
852 3048 919 3091 sno.

175 3139 290 3201 Prosit
304 3143 338 3198 nt
351 3137 532 3210 adueniens,
550 3157 588 3199 en
600 3137 727 3220 adspice
741 3156 752 3200 :
767 3135 859 3198 diues
871 3141 996 3199 amator

222 3245 253 3306 T
247 3265 264 3307 e
277 3244 380 3327 cupiit
388 3269 400 3317 ,·
415 3262 508 3315 cura,
527 3243 609 3325 qnid
619 3243 685 3306 tibi
696 3243 787 3316 desit,
805 3241 906 3305 labet.

176 3353 239 3414 Est
251 3349 469 3431 ettamfizcies,
487 3369 557 3430 quoe
570 3369 603 3411 se
616 3349 680 3412 tili
691 3355 854 3432 comparet,
874 3349 935 3412 illi
948 3369 959 3412 :

215 3458 260 3521 Si
270 3463 299 3518 te
314 3477 372 3518 nou
387 3461 521 3537 emptam
536 3455 639 3527 uellet,
657 3455 805 3517 emendus
817 3462 900 3519 erat.
916 3474 934 3516 »

83 3579 122 3645 35
176 3564 329 3628 Erubuit.
348 3561 480 3625 «Decet
495 3562 568 3624 alba
582 3561 708 3643 qur‘dem
718 3561 824 3645 pudor
837 3581 903 3635 ora,
921 3559 981 3624 sed
994 3561 1065 3633 iste,

214 3671 259 3734 Si
270 3664 408 3742 simules,
421 3668 554 3751 prodest
558 3692 573 3743 ,·
587 3687 683 3730 verus
696 3668 799 3731 obesse
811 3668 901 3731 solet.
