2648 4470
160 338 200 405 74
536 334 838 392 usensscmsnus

196 591 264 654 Ista
278 611 383 654 mares
396 596 540 664 tractent,
559 598 595 655 tu
607 603 678 676 spes
691 592 807 678 depone
819 590 937 659 vientes
952 618 962 661 :

109 717 143 760 10
235 697 322 759 Sunt
334 697 400 760 tibi
409 718 478 760 cum
494 697 621 762 domena
634 700 879 784 sege-naferenda
894 709 962 768 tua.

196 802 291 866 Hanc
304 803 399 887 imple
412 804 547 879 menites,
567 806 669 887 hujus
682 806 748 869 tibi
754 802 871 891 gratia
881 809 988 891 prosit
997 834 1012 884 ,-

234 908 280 972 Si
289 930 399 973 careas
414 911 483 984 illa,
501 912 577 994 quis
589 918 663 975 tuus
678 932 755 975 usus
768 912 863 975 erit?

195 1017 260 1081 Est
271 1017 368 1079 etiarn
372 1015 488 1098 facies,
505 1023 581 1080 sunt
593 1019 665 1102 apti
675 1018 800 1082 lusibus
811 1021 912 1083 anni:

235 1123 377 1206 Indigna
390 1129 439 1187 est
450 1125 664 1208 pigraforma
671 1127 787 1208 perire
799 1120 877 1190 situ.

108 1245 143 1310 15
195 1229 328 1293 Fallere
341 1235 371 1293 te
381 1231 490 1313 patuit,
508 1232 655 1315 quamvis
667 1231 802 1295 habeare
813 1232 985 1298 molestus:

235 1337 309 1401 Nan
321 1345 410 1427 earet
422 1337 542 1421 effectu,
560 1338 643 1421 quad
654 1340 783 1403 valuere
796 1339 866 1403 dua.

197 1443 314 1526 Aptius
328 1444 483 1526 utfuerit
493 1445 641 1528 precibus
654 1453 801 1521 tentasse,
821 1467 979 1532 rogamus,

235 1551 323 1613 Dum
337 1552 412 1615 bene
421 1552 564 1635 ponendi
573 1573 707 1617 munera
719 1560 843 1639 tempus
855 1553 957 1620 habes.

299 2523 348 2576 ON
362 2534 420 2597 ego
434 2512 589 2576 mendosos
602 2513 706 2576 ausim
720 2514 889 2595 defendere
903 2535 1012 2588 mores,

159 2510 296 2796 Q
317 2619 479 2703 Falsaque
488 2630 548 2705 pra
561 2621 656 2683 vz'tz'e's
669 2641 761 2684 arma
775 2641 897 2683 mouere
911 2621 998 2682 meis.

301 2728 467 2812 Confiteor,
485 2728 520 2789 si
530 2728 612 2809 quid
618 2727 750 2812 prodest
763 2727 881 2791 delicta
884 2728 997 2808 fateri
1002 2753 1016 2802 ,·

233 2836 271 2899 ln
285 2857 354 2898 mea
368 2854 450 2896 nunc
463 2833 589 2896 demens
601 2834 863 2915 eriminasassus
875 2854 919 2898 eo.

122 2955 140 3020 5
196 2942 270 3014 Odi,
290 2964 345 3006 nec
353 2952 482 3025 possum
495 2941 625 3024 cupiens
639 2960 698 3002 nan
712 2939 874 3024 essequod
885 2939 964 3003 odi:

232 3050 329 3114 Heu!
342 3069 435 3132 quaen
448 3067 519 3130 qun
530 3046 660 3110 studeas
669 3057 787 3135 ponere
790 3047 890 3128 ferre
898 3066 1006 3131 grave
1019 3051 1092 3112 est!

192 3157 279 3219 Nam
293 3154 408 3218 desunt
422 3153 511 3216 vires
524 3152 569 3217 ad
580 3174 628 3215 me
643 3152 728 3216 me'iei
729 3153 849 3238 jusque
863 3150 1064 3237 regendum

231 3261 375 3343 Auferor
389 3267 425 3322 ut
439 3259 554 3346 rapida
568 3259 687 3323 concita
698 3261 815 3343 puppis
828 3279 922 3342 aqua.
1014 3312 1018 3319 .

192 3371 265 3433 Non
279 3376 326 3431 est
340 3372 425 3431 certa
439 3387 520 3429 meas
532 3366 719 3450 queeforma
734 3367 850 3429 anuitet
863 3385 987 3429 amares
995 3391 1009 3441 ,-

103 3493 140 3539 10
229 3454 366 3539 'Centum
380 3480 456 3536 sunt
468 3494 572 3536 causae
585 3493 645 3536 cur
657 3493 715 3556 ega
728 3485 851 3557 semper
863 3493 975 3536 amem.

192 3581 221 3645 S
221 3583 272 3645 ive
284 3581 395 3664 ale'qua
409 3586 456 3643 est
468 3581 570 3644 oculas
584 3580 618 3642 in
632 3599 665 3641 se
679 3578 803 3661 dejecta
817 3578 977 3652 modestos,

237 3688 331 3764 Uror,
347 3693 380 3751 et
395 3686 525 3749 insedi-ee
537 3693 614 3749 sunt
622 3686 728 3772 pudor
744 3687 800 3750 ille
814 3705 890 3750 mee
901 3712 913 3761 ,·
