2648 4470
240 330 296 391 ¹4⁰
630 328 730 378 LIBER
747 329 898 382 TERTIUS

278 582 325 643 Tu
339 601 465 664 quoque,
484 583 545 663 qui
555 591 676 665 spectas
685 593 757 667 post
769 607 832 659 nos,
851 592 910 647 tna
925 585 1074 648 contrahe
1088 608 1198 661 crura,

311 690 338 752 S
340 690 356 751 i
361 688 467 773 pudor
480 695 535 760 est,
555 690 666 772 rapido
681 714 735 755 nec
745 703 854 775 preme
871 700 968 775 terga
978 714 1068 774 genu
1077 704 1089 757 .'

180 804 219 871 25
270 794 340 859 Sed
351 796 486 858 nimium
501 796 637 859 demisso
645 798 758 879 jacent
772 798 834 862 tibi
843 800 949 882 pallia
961 806 1053 861 terra
1069 822 1079 864 .·

314 903 462 985 Collige!
476 903 528 965 vet
535 903 656 986 legun
670 926 708 966 en
722 927 780 988 ego
794 907 875 968 tollo
890 907 977 970 meis.

271 1007 387 1071 lrtaia'a
401 1010 500 1072 uestis
510 1032 593 1083 eras,
610 1032 682 1093 que
695 1020 761 1075 tam
776 1014 853 1076 dono
866 1034 966 1075 crura
980 1012 1109 1097 tegebas
1123 1037 1132 1090 ;

311 1116 440 1199 Quoque
453 1117 559 1200 magis
571 1126 695 1202 spectes,
715 1121 830 1183 invida
844 1120 944 1184 vestis
957 1141 1044 1184 eras.

276 1222 367 1286 Talia
381 1223 542 1286 Milanion
556 1226 728 1289 Atalantes
742 1247 841 1288 crura
844 1226 986 1311 fugacis

178 1341 218 1404 30
313 1328 445 1412 Optauit
460 1332 606 1394 manibus
620 1331 816 1394 sustinuisse
829 1332 899 1394 suis
907 1357 920 1405 ,·

275 1435 367 1498 Talia
374 1436 565 1519 panguntur
576 1439 742 1501 suceznctae
755 1459 855 1501 crura
869 1436 996 1511 Dione,

313 1543 393 1607 Cum
406 1545 671 1628 sequiturfisrtes‚
681 1545 808 1628 forteor
823 1546 901 1628 ipso,
909 1545 1018 1626 ferm.

269 1648 335 1713 His
345 1670 402 1733 ego
416 1671 475 1713 non
491 1653 574 1714 uisis
586 1653 679 1716 arsi:
694 1652 776 1736 quid
778 1652 844 1737 fiet
857 1651 895 1714 ab
910 1652 1021 1734 ipsis?

308 1756 346 1819 In
357 1756 689 1841 flammamflammas,
709 1759 743 1822 iu
758 1779 847 1820 mare
850 1758 973 1839 fundis
987 1778 1099 1840 aquas.

176 1872 215 1940 35
267 1862 421 1948 Suspicor
433 1885 473 1928 ex
487 1867 561 1929 istis
572 1872 602 1928 et
614 1872 719 1929 cetera
730 1875 821 1948 posse
828 1865 969 1950 placere,

308 1972 390 2052 Quae
402 1970 476 2035 benc
488 1971 545 2035 sub
558 1974 650 2035 tenui
660 1972 785 2035 condita
800 1977 883 2034 ueste
896 1972 1008 2037 latent.

275 2077 330 2142 Vis
342 2085 445 2142 tamen
461 2080 583 2142 interea
588 2080 706 2160 faciles
719 2099 878 2142 arcessere
891 2081 1027 2142 uentos?

308 2186 502 2269 Quosfacid
515 2193 623 2250 nostra
637 2192 717 2250 mota
732 2187 848 2250 tabella
863 2208 974 2250 mauu.

267 2292 320 2354 An
335 2294 442 2376 magis
455 2293 507 2356 hic
520 2315 607 2357 meus
619 2301 668 2356 est
681 2293 792 2366 animi,
812 2314 872 2356 nau
886 2292 975 2355 aeris
988 2299 1097 2365 aestus,

174 2405 216 2471 40
309 2399 336 2460 C
336 2405 470 2482 aptaque
472 2401 638 2481 flamineus
645 2407 774 2484 pectora
789 2406 891 2463 torret
904 2401 1022 2463 amor?

268 2503 355 2568 Dum
370 2506 488 2587 loquor,
508 2508 581 2571 alta
596 2509 664 2571 tevi
673 2517 787 2590 sparso
801 2515 849 2570 est
862 2507 928 2570 tibi
934 2507 1071 2590 puluere
1086 2508 1213 2572 vestis:

306 2612 446 2676 Sordide
460 2612 499 2676 de
512 2615 602 2677 niueo
614 2625 742 2697 corpore
746 2614 860 2696 puluis
873 2614 950 2676 abit

266 2720 333 2784 Sed
337 2720 409 2803 jam
418 2731 530 2805 pompa
544 2722 650 2785 uenit:
667 2721 795 2804 linguis
809 2719 1134 2802 ananu'squefavctel

310 2828 442 2911 Tempus
455 2828 545 2892 adest
553 2830 689 2912 plausus
698 2850 708 2891 .·
722 2849 822 2891 aurea
832 2838 944 2911 pompa
959 2828 1061 2892 uenit.

172 2940 213 3009 45
266 2935 384 2997 Prima
398 2936 461 2998 loco
465 2935 584 3016 fertur
592 2936 700 3019 passis
722 2934 862 2997 Victoria
872 2933 987 3017 pinnis
1003 2960 1013 2996 :

304 3041 380 3104 Huc
392 3042 477 3112 ades,
494 3048 525 3103 et
538 3062 626 3105 meus
639 3043 691 3104 hcc
700 3042 764 3118 sac,
782 3041 848 3113 dea,
868 3041 977 3103 vineat
990 3049 1104 3106 arnor!

265 3149 421 3212 Plaudite
434 3150 590 3232 Neptuno,
610 3149 745 3210 nimium
759 3149 820 3231 qui
829 3147 967 3210 creditis
981 3147 1103 3213 undis!

303 3257 368 3319 Nil
378 3256 463 3319 mihi
473 3277 543 3319 cum
552 3256 678 3339 pelago,
696 3276 744 3317 me
758 3277 826 3317 mea
840 3263 934 3318 terra
947 3255 1045 3337 capit.

263 3363 392 3426 Plaude
405 3369 457 3425 luo
472 3362 589 3438 Marti,
607 3364 716 3427 aniles!
729 3383 784 3425 uos
798 3362 921 3425 odimus
934 3382 1028 3423 arma
1043 3388 1053 3424 .·

172 3481 211 3550 50
302 3470 380 3532 Pax
386 3469 498 3551 juvat,
516 3476 547 3531 et
561 3469 665 3533 medea
674 3480 752 3553 pace
767 3477 914 3552 repertus
928 3489 1027 3531 amor.

264 3575 457 3660 Auguribus
471 3575 615 3648 Ploebus,
634 3576 750 3638 Phoebe
765 3576 953 3639 venantibus
967 3575 1056 3637 adsit
1065 3600 1077 3648 ,-

304 3682 457 3767 Artifices
472 3684 506 3745 in
520 3691 551 3747 te
565 3689 664 3758 verte,
682 3684 843 3759 Minerua,
864 3704 994 3763 manus,-
