2648 4470
201 325 259 374 102
577 319 678 371 LIBER
690 317 877 373 SECUNDUS

238 576 425 661 Eccefugit
438 582 604 660 notumque
618 580 721 638 torum
734 575 892 657 soccosque
901 574 1051 647 Penates,
1178 630 1182 635 .

277 684 488 767 Fallacisque
499 683 571 746 uras
585 683 635 745 ire
651 682 793 747 Corinna
802 686 911 764 parat.

240 789 332 874 Quid
343 790 412 863 tibi,
431 809 479 853 me
493 789 671 853 miserum!
681 787 848 872 Zephyros
860 787 1028 872 Eurosque
1040 788 1165 869 timebo,

152 920 187 965 ιο
278 899 326 961 Et
335 896 483 979 gelidum
497 899 626 963 Borean
638 894 860 979 egelidumque
872 895 1024 960 Notum?

239 1003 313 1067 Nou
328 1001 400 1066 illic
413 1002 515 1076 urbes,
533 1022 594 1065 non
608 1008 645 1064 tu
658 1000 818 1065 mirabere
830 1002 953 1065 silvas:

283 1108 353 1171 Uno
366 1115 415 1172 est
429 1106 550 1193 injusti
560 1108 798 1190 curulaforrna
812 1107 915 1171 mares
924 1132 938 1182 ,-

241 1215 311 1279 Nec
323 1214 447 1278 medius
459 1220 569 1277 tenues
580 1215 711 1278 conchas
723 1215 882 1298 pictosque
894 1214 1024 1298 lapillos

156 1363 162 1379 .
280 1322 405 1387 Pontus
418 1320 530 1385 habet:
544 1319 651 1386 bibuli
660 1320 769 1384 litoris
782 1321 843 1385 illa
857 1326 1015 1385 moreest.
1071 1358 1076 1371 ·

154 1448 188 1515 15
242 1428 357 1493 Litora
371 1428 560 1492 marmoreis
566 1426 703 1512 pedibus
716 1427 852 1512 signate,
866 1427 1008 1510 puellus

280 1534 447 1597 Hactenus
460 1541 510 1598 est
523 1540 650 1611 tutum;
664 1539 768 1598 cetero
781 1553 861 1598 caeca
876 1532 932 1596 vio
944 1539 1004 1598 est.

212 1626 215 1630 ⁴
243 1639 291 1703 Et
304 1641 390 1704 vobis
401 1641 470 1704 olii
479 1647 646 1703 uentorum
656 1641 773 1723 proelia
789 1647 935 1713 narrent,

283 1748 372 1827 Quas
384 1748 497 1831 Scylla
512 1747 650 1830 infestet,
665 1767 783 1832 quasve
798 1746 982 1831 Charybdis
993 1766 1107 1831 aquas,

243 1856 292 1921 Et
308 1854 421 1939 quibus
432 1855 591 1918 emineant
604 1854 744 1917 uiolenta
761 1853 923 1920 Ceraunia
936 1854 1034 1927 suris,
1166 1869 1169 1873 ·

152 1983 191 2031 eo
284 1962 354 2042 Quo
367 1961 491 2025 lateant
503 1962 622 2045 Syrtes
632 1981 751 2045 magua
765 1961 930 2045 minorque
942 1961 1041 2026 unu!

244 2067 325 2131 Hoec
336 2067 402 2131 alii
414 2067 579 2150 reflerent·
592 2074 626 2131 at
640 2088 694 2132 uos
707 2067 790 2151 quod
801 2070 934 2151 quc'sque
946 2069 1102 2153 loquetur,

284 2173 438 2240 Credite!
451 2173 600 2239 credenti
611 2175 702 2238 nulla
711 2175 854 2258 procella
866 2180 962 2240 noceto
975 2212 978 2216 ·

241 2280 322 2344 Sero
336 2280 510 2364 respicitur
522 2281 629 2353 tellus,
649 2280 793 2362 ubifune
806 2281 906 2344 soluto

288 2387 406 2451 Currit
419 2387 453 2449 in
469 2387 654 2449 immensum
665 2387 772 2471 panda
785 2387 899 2451 carina
912 2387 1027 2461 salum,

134 2528 141 2542 ·
155 2511 193 2576 25
245 2492 370 2556 Navita
382 2493 543 2557 sollicitus
555 2515 626 2557 cum
639 2500 747 2557 ventos
761 2493 871 2556 loorret
885 2493 1019 2577 iniquos,

286 2599 335 2663 Et
342 2608 442 2683 prope
456 2605 520 2662 tam
535 2600 634 2662 letum
647 2620 741 2684 quum
751 2609 849 2684 prope
857 2600 963 2663 cernit
976 2618 1102 2684 aquam.

249 2704 342 2785 Quod
352 2705 387 2768 si
396 2726 558 2769 concussas
575 2706 689 2769 Triton
697 2713 864 2789 exasperet
877 2706 987 2780 undas,

289 2812 397 2892 Quam
411 2813 475 2876 tibi
484 2813 532 2875 sit
545 2818 605 2875 toto
619 2812 730 2875 nullus
745 2813 779 2875 in
794 2796 848 2874 ore
860 2813 964 2876 colori

252 2918 330 2981 Turn
340 2938 497 3001 generosa
510 2918 754 3000 oocesfhcuudn
766 2918 876 2981 sidera
891 2917 997 2991 Ledce,

158 3048 196 3113 3⁰
287 3025 335 3088 Et
348 3045 358 3088 :
373 3046 392 3088 a
405 3025 512 3099 Felix,
530 3025 627 3099 docos,
646 3045 735 3109 quem
748 3046 807 3089 suo
824 3030 917 3088 terra
931 3028 1034 3088 tenet!
1049 3044 1068 3087 n

254 3132 368 3195 Tutius
380 3136 428 3195 est
430 3131 559 3213 sonim
572 3137 687 3205 torum,
705 3132 824 3215 legisse
836 3130 968 3205 libellos,

291 3237 472 3303 Threiciam
485 3237 606 3323 digitis
621 3239 815 3322 increpuisse
830 3239 947 3322 horam.

250 3345 297 3409 Ac
309 3345 343 3408 si
353 3345 561 3426 vauafirunt
574 3345 718 3410 volucres
731 3366 799 3409 mee
813 3345 898 3409 dc'cta
907 3345 1064 3429 procellae,

289 3452 401 3537 AEqua
414 3459 518 3516 tamen
528 3453 633 3538 puppi
641 3453 687 3516 sit
701 3452 835 3518 Galatea
849 3459 936 3517 tuce!

160 3574 198 3643 35
257 3558 403 3624 Vestrum
416 3560 537 3624 cronceu
550 3559 617 3622 erit
629 3559 711 3624 talis
714 3558 851 3643 J'actura
859 3559 992 3644 puelle,

291 3666 508 3751 Nereidesque
521 3666 588 3731 deae
601 3666 841 3750 Nereidumque
849 3672 957 3750 pater.

260 3772 344 3838 Vade
356 3792 472 3838 memor
485 3773 597 3849 nostri,
615 3781 707 3838 uento
721 3773 871 3837 reditura
884 3771 1041 3849 secundo:
