2648 4470
205 354 244 430 84
580 360 679 411 usse
697 358 882 413 secuunvs

232 618 339 699 -Quad
350 618 452 680 scelus
463 617 600 680 Ismarii
610 618 766 699 quereris,—
785 615 976 689 Philomela,
994 610 1140 700 tyranni,

283 727 421 810 Expleta
435 731 482 787 est
495 724 591 787 annis
605 725 666 786 ista
680 723 813 806 querela
826 723 896 785 suis
905 749 919 797 ,·
1051 712 1054 719 ’

244 833 348 897 Alitis
362 832 396 895 iu
412 851 500 893 rarce
513 831 665 893 miserum
679 831 844 893 devertere
848 829 958 910 funus
971 849 982 892 .·
1008 822 1010 827 ’

155 957 190 999 10
282 941 415 1023 Magna,
433 936 492 1001 sed
502 939 634 1020 antiqua
648 945 696 1000 est
709 958 804 1000 causa
817 934 938 999 doloris
951 934 1033 1019 Itys.
1116 1004 1119 1011 ,

245 1048 369 1117 Omnes,
386 1065 456 1129 que
469 1045 593 1126 liquido
607 1043 738 1107 libratis
753 1045 787 1106 in
801 1062 876 1106 aere
888 1060 1014 1116 cursus,
1044 1038 1047 1042 ’

287 1152 332 1214 Tu
346 1159 452 1215 tamen
465 1157 539 1214 ante
552 1150 643 1222 alias,
662 1156 775 1213 turtur
787 1147 895 1220 amice,
914 1147 1009 1212 dele!

243 1260 346 1323 Plena
351 1258 427 1342 fuit
440 1258 527 1321 vobis
540 1258 629 1320 amni
638 1256 803 1320 concordia
817 1259 900 1335 uita,

283 1366 329 1429 Et
341 1365 433 1427 stetit
446 1363 597 1446 adfinem
610 1362 706 1449 langa
720 1371 879 1445 tenaxque
884 1361 973 1449 fides
987 1390 999 1428 .·

157 1489 165 1531 ι
172 1487 188 1548 5
245 1468 338 1552 Quod
340 1470 418 1548 fuit
431 1470 584 1554 Argolico
592 1469 730 1553 juvenis
743 1469 886 1534 Phoceus
901 1470 1036 1542 Oresta,

283 1577 352 1640 Hac
365 1577 433 1651 tibi,
452 1576 528 1639 dum
541 1577 645 1650 licuit,
656 1578 800 1660 pszblace,
818 1581 932 1638 turtur
944 1581 1028 1641 erat.
1127 1629 1129 1635 ,
1177 1628 1178 1632 ,

246 1683 336 1764 Quid
348 1690 452 1747 tamen
467 1684 527 1746 ista
533 1683 632 1766 fides,
651 1685 732 1769 quill
745 1684 936 1768 rarifcrma
950 1683 1074 1758 calaris,

284 1791 375 1872 Quid
386 1812 447 1854 vax
460 1791 622 1854 mutandis
637 1792 802 1876 ingenzbsa
816 1791 913 1868 senis,
1187 1776 1193 1780 ’

246 1898 337 1979 Quill
342 1897 452 1982 javat,
470 1903 506 1960 ut
519 1898 615 1960 datus
627 1917 669 1971 es,
688 1887 806 1962 uestra
815 1897 973 1982 placuisse
981 1895 1129 1981 puella?

153 2021 192 2065 20
284 2005 416 2087 Infeliu,¹
432 2007 540 2070 aalma
551 2005 675 2090 glaricz,
694 2015 802 2089 nempe
809 2004 904 2088 jaces
914 1992 933 2066 l
1005 1990 1008 1995 ¹

250 2113 278 2175 Τ
275 2133 297 2197 u
307 2118 435 2193 peteras
438 2114 588 2196 fragiles
597 2103 711 2196 pinnis
728 2110 874 2175 hebetare
887 2109 1087 2194 smaragdos,

291 2217 401 2280 Tincta
411 2222 532 2300 gerens
546 2218 643 2282 rubra
657 2218 786 2281 Punica
800 2223 911 2280 rastra·
920 2236 1018 2281 croco.

246 2323 400 2404 Nou'fuit
415 2324 449 2385 in
464 2327 566 2389 terris
581 2346 688 2389 vacum
702 2322 907 2387 simulantior
920 2324 987 2387 ales
1002 2344 1013 2387 :

156 2447 193 2506 24
286 2429 451 2494 Reddebas
464 2430 554 2494 blesa
568 2440 633 2496 tam
648 2432 722 2495 bene
736 2431 832 2494 verba
846 2440 939 2496 sana!

157 2553 194 2616 29
247 2537 371 2601 Plenus
384 2559 458 2601 eras
470 2540 610 2613 minimo,
629 2561 692 2613 uec,
706 2549 779 2622 pree
791 2537 947 2601 sermonis
959 2557 1077 2612 amere,

287 2645 325 2708 Iu
340 2647 454 2708 multos
463 2652 591 2729 pateras
604 2667 659 2709 ara
675 2667 790 2731 vacare
803 2645 909 2722 cibos;

247 2751 329 2815 Nux
342 2759 413 2815 erat
425 2774 494 2817 esea
509 2753 573 2816 tibi
583 2774 745 2836 causaeque
754 2762 917 2836 papavera
930 2752 1043 2826 somni,

156 2875 194 2940 32
288 2859 493 2944 Pellebatque
505 2860 597 2922 sitim
610 2859 768 2940 simplicis
781 2857 895 2921 bumcr
907 2878 1009 2941 aquae.

158 2981 195 3044 25
248 2967 376 3050 Raptus
388 2989 422 3030 es
438 2967 585 3030 inuidia:
601 2987 661 3028 uon
675 2973 711 3028 tu
715 2967 796 3048 fera
812 2966 895 3029 bella
909 2963 1068 3040 movebas,·

166 3153 168 3157 Ι
289 3073 455 3137 Garrulus
467 3081 499 3140 et
507 3073 648 3157 place'dae
656 3073 747 3156 pacis
760 3079 884 3135 amator
896 3091 980 3136 eras.

250 3181 332 3244 Ecce
344 3181 520 3243 coturnices
535 3181 621 3242 inter
633 3201 692 3242 sua
702 3179 822 3264 prelia
837 3180 1001 3254 ulerunt„
1061 3184 1064 3189 ’
1126 3217 1142 3224 --

159 3290 196 3350 28
255 3272 446 3351 ¹Forsitan
460 3294 492 3350 et
496 3287 587 3371 fiant
602 3287 676 3349 iude
680 3288 874 3370 frequenter
886 3305 968 3349 anus
977 3309 992 3360 ,·
1118 3271 1121 3276 ⁴

158 3411 196 3473 33
224 3427 237 3444 ‹-
256 3392 347 3456 Viuit
359 3394 442 3457 edax
456 3396 578 3465 uultur,
596 3393 770 3477 ducensque
778 3404 841 3477 per
853 3413 930 3456 aera
940 3393 1061 3475 gyros

288 3500 421 3572 Milvus,
440 3508 471 3563 et
480 3501 603 3585 pluviae
612 3502 770 3585 graculus
784 3507 894 3563 auctor
906 3519 998 3582 aqua
1007 3525 1021 3575 ,·

158 3621 194 3686 35
256 3606 346 3671 Vivit
360 3615 390 3671 et
402 3608 569 3692 armiferae
583 3608 697 3671 cornix
712 3608 818 3669 inucsa
833 3606 1005 3680 Minerua,

289 3713 353 3776 Illa
365 3714 491 3797 quidem
505 3715 611 3782 seclis
625 3715 682 3777 uix
695 3715 856 3777 moritura
869 3733 979 3776 navem
990 3735 1001 3777 .·
