2648 4470
596 289 708 339 :LIBER
728 288 879 340 TERTIUS

787 552 797 586 ἰ

352 1413 401 1463 ox
415 1407 496 1473 erat,
514 1405 546 1462 et
557 1421 683 1462 somnus
697 1401 798 1464 lassos
810 1402 961 1465 submisit
974 1404 1108 1478 ocellos,·
1141 1418 1145 1426 '

211 1399 348 1683 (Q
376 1508 578 1570 Terruerunt
591 1507 734 1569 animum
748 1508 829 1571 talia
844 1509 916 1572 uisa
931 1530 1032 1572 meum
1043 1536 1054 1572 .·

354 1616 440 1679 Colle
453 1613 510 1678 sub
522 1614 631 1695 aprico
645 1614 861 1677 creberrimus
877 1616 952 1679 ilice
967 1617 1058 1680 lucus

283 1723 406 1796 Stabat,
424 1729 456 1784 et
470 1722 505 1783 in
520 1721 623 1783 ramis
637 1722 738 1783 multa
752 1720 871 1784 latebat
883 1723 978 1798 auos,

173 1842 191 1907 5
244 1833 334 1896 Area
344 1830 515 1914 gramineo
529 1828 659 1892 suberat
673 1828 878 1892 viridissima
888 1836 994 1914 prato,

284 1938 431 2003 Humida
445 1937 484 2000 de
493 1937 604 2020 guttis
617 1935 687 1997 lene
700 1935 845 1998 sonantis
858 1956 972 2018 aquae.,·

243 2049 315 2130 Ipse
328 2045 385 2109 snb
398 2044 543 2107 arboreis
556 2042 694 2105 vitabam
697 2041 876 2123 frondibus
888 2049 1023 2107 astum:

283 2151 415 2214 Fronde
427 2149 485 2212 snb
497 2148 629 2212 arborea
643 2148 701 2210 sed
712 2154 816 2210 tamen
829 2155 927 2210 astus
939 2156 1024 2214 erat.

245 2257 335 2329 Ecce,
350 2262 459 2340 petens
474 2255 581 2318 oarz'os
596 2255 760 2317 immixtas
770 2254 909 2338 floribus
922 2255 1046 2328 herbas,

157 2381 191 2424 ιο
288 2361 442 2427 Constitit
454 2368 529 2424 ante
543 2362 645 2424 oculos
657 2360 795 2425 candida
810 2382 903 2424 uacca
917 2383 1007 2434 meos,

245 2468 426 2532 Candidior
440 2467 578 2544 nimbus,
594 2475 671 2549 tune
684 2489 754 2532 cum
768 2468 908 2531 cecidere
922 2475 1072 2540 recentes,

283 2577 322 2639 In
337 2575 484 2658 liquidas
498 2575 634 2637 nondum
649 2595 727 2657 quas
740 2596 827 2637 mora
842 2576 943 2638 vertit
955 2595 1068 2660 aquas,

247 2681 436 2755 Candidior,
453 2681 537 2765 quod
547 2681 649 2745 adbuc
662 2683 784 2765 spumis
796 2682 1009 2745 stridentibus
1023 2680 1117 2755 albet,

283 2791 332 2854 Et
345 2788 432 2852 modo
443 2789 603 2860 siccatam,
623 2789 715 2864 lacte,
732 2789 867 2872 reliquit
880 2809 978 2853 ouem.

156 2912 190 2977 1¹5
249 2897 375 2959 Taurus
388 2901 460 2959 erat
473 2916 571 2958 comes
585 2895 668 2967 bura,
676 2895 830 2976 fhliciter
845 2895 902 2958 ille
916 2895 1066 2968 maritus,

285 3004 428 3085 Cumque
441 3023 501 3064 sua.
512 3009 655 3065 teneram
670 3002 802 3086 conjuge
811 3004 934 3085 pressit
947 3001 1087 3064 humum.

245 3110 332 3172 Dum
338 3109 429 3193 jacet
441 3116 473 3171 et
487 3111 568 3172 lente
584 3115 746 3171 reuocatos
760 3108 906 3170 ruminat
919 3108 1046 3185 herbas,

284 3216 388 3299 Atque
403 3217 520 3278 iterum
531 3222 622 3300 pasto
629 3215 782 3297 pascitur
793 3221 869 3277 ante
881 3212 956 3289 cabo,

253 3321 346 3385 Visus
359 3329 437 3394 erat,
456 3342 560 3384 somno
574 3323 663 3383 uires
677 3321 837 3383 adimente
838 3319 989 3403 ferendi,

153 3447 193 3502 20
286 3429 503 3522 Cornigerum
518 3434 607 3490 terra
623 3406 804 3510 deposuisse
815 3433 920 3514 caput.
