2648 4470
206 300 249 363 6ο
609 312 708 361 unse
726 312 859 364 emsws

150 584 189 649 45
245 565 343 629 Nunc
356 565 420 628 tibi
428 564 568 646 captibos
581 565 691 627 mittet
704 566 881 628 Germania
894 568 1028 632 crines:

284 669 384 734 Culta
397 670 607 754 triumphata
619 693 749 735 munere
758 673 873 755 gentis
886 676 965 737 eris.

246 777 277 841 0
288 799 382 861 quam
395 789 478 862 saepe
489 798 590 842 eomas
602 779 708 861 ale'quo
721 779 862 841 mirante
876 781 1014 854 rubebis,

283 884 332 946 Et
344 884 431 949 dices
444 903 455 946 :
470 905 488 946 a
503 883 623 968 Empta
636 906 719 948 nunc
732 906 791 968 ego
804 907 907 948 neeroe
913 887 1057 970 probor‚·

242 991 465 1076 Nescioquam
473 1000 597 1074 prome
611 992 722 1053 laudat
734 1013 818 1054 nunc
831 993 891 1056 iste
903 994 1126 1077 Sygambram
1141 1019 1152 1058 .·

151 1115 190 1180 50
283 1098 387 1161 Fama
401 1107 507 1162 tomen
518 1098 653 1159 memini
662 1098 814 1179 cnmsuit
828 1100 890 1162 ista
903 1122 984 1164 mea.
1000 1122 1020 1164 ν

242 1204 300 1269 Me
312 1207 464 1268 miserum
474 1210 490 1268 t
502 1204 657 1267 lacrimas
670 1205 753 1266 mole
773 1206 920 1282 continet,
936 1228 1054 1291 oraque
1074 1209 1192 1273 dextra

283 1312 448 1395 Protegit,
468 1310 625 1393 ingenuos
632 1311 723 1394 picta
738 1310 852 1374 rubore
861 1332 966 1396 genas
972 1337 986 1386 ,-

242 1419 391 1481 Sustinet
401 1416 550 1501 antiquos
559 1418 687 1500 gremio
700 1424 878 1501 spectatque
891 1419 1034 1503 capillos,

281 1524 353 1588 Hei
362 1524 469 1589 me'loit
481 1544 542 1586 non
557 1525 615 1587 illo
628 1545 762 1587 munera
775 1524 879 1609 dogna
893 1526 968 1590 loco.

151 1647 191 1713 55
243 1631 372 1716 Collige
385 1652 456 1695 cum
469 1632 562 1694 vultu
574 1637 707 1695 mentem
722 1654 732 1694 .·
747 1632 930 1715 reparabile
941 1631 1096 1697 hunum
1109 1641 1177 1713 est‚·

282 1738 450 1803 Postmodo
463 1739 575 1802 nativa
587 1739 780 1822 conspiciere
793 1758 889 1804 como.

343 2714 407 2764 vlo
420 2699 511 2774 milri,
529 2699 631 2762 Livor
642 2697 733 2771 edax,
752 2697 887 2782 ignauos
898 2698 1011 2782 objicis
1022 2720 1130 2773 annos,

211 2706 341 2974 Q
362 2806 556 2891 Ingeniique
569 2826 660 2868 uocas
672 2825 799 2868 carmen
815 2805 934 2867 inertis
946 2814 1024 2888 opus
1032 2830 1046 2878 ,·

342 2914 416 2976 Non
431 2933 479 2975 me
492 2933 577 2975 more
585 2920 728 2996 potrum,
741 2911 817 2974 dum
830 2918 963 2973 strenua
976 2912 1117 2975 sustinet
1129 2917 1191 2976 uta

283 3020 428 3084 Prumie
442 3019 572 3081 militie
580 3019 809 3102 pulverulenta
823 3017 922 3099 sequi,

171 3145 188 3208 5
242 3127 311 3190 Nec
324 3147 372 3189 me
386 3126 534 3189 verbosos
547 3125 634 3208 leges
646 3124 794 3194 ediscere,
812 3144 867 3186 nec
885 3144 933 3185 me

283 3232 420 3316 Ingrato
436 3251 537 3294 vocem
546 3231 753 3314 prostituisse
757 3229 865 3310 fhro?

243 3339 384 3402 Mortale
396 3344 443 3403 est
455 3338 540 3420 quod
552 3336 673 3422 quoeris
686 3345 761 3419 opus
769 3360 782 3410 ,·
796 3335 978 3416 mihifama
988 3336 1147 3420 perennis

285 3446 464 3528 Quaritur,
484 3445 519 3507 in
532 3449 591 3506 toto
604 3452 727 3525 semper
741 3446 777 3503 ut
789 3442 862 3505 orbe
875 3464 986 3507 conor.

250 3552 341 3616 Vivet
355 3550 540 3624 Meom'des,
562 3549 697 3613 Tenedos
710 3548 785 3610 dum
799 3548 898 3612 stabit
911 3555 944 3612 ct
956 3548 1021 3622 Ide,

153 3680 189 3725 ιο
282 3660 371 3725 Dum
386 3659 520 3742 rapidas
532 3658 651 3722 Simois
666 3657 701 3718 in
716 3677 804 3718 more
819 3656 921 3718 volvet
933 3675 1035 3737 aquas
1044 3680 1058 3729 ,·

253 3766 343 3837 Vivet
356 3772 387 3833 et
401 3766 559 3841 Ascraeus,
578 3763 654 3827 dun
668 3763 785 3827 mustis
800 3783 862 3827 uva
876 3760 1017 3836 tumebit,
