2648 4470
209 297 244 360 16
610 311 710 361 [soso
729 311 859 363 smnus
1204 298 1290 381 [ss-

243 569 323 631 Huc
337 573 442 628 tamen
456 563 630 646 adspiciam
638 590 652 640 ,·
665 565 724 627 sed
734 586 804 648 qua
817 565 891 628 benc
900 564 1009 649 pallia
1023 566 1138 639 celant,

284 677 303 738 I
304 675 348 736 lla
362 671 450 737 milei
459 671 537 734 caeci
547 692 641 733 causa
654 672 783 735 tumoris
796 679 904 736 crunt.

243 783 312 845 Nec
316 779 445 862 femori
456 780 612 840 committe
615 777 740 857 femur,
760 799 815 841 uec
827 799 925 842 crure
938 778 1067 854 colcaerc,

282 889 352 950 Nec
365 893 510 949 tenerum
525 885 605 947 duro
619 907 689 948 cum
700 885 780 969 pede
786 885 898 969 junge
908 884 1030 966 pedem.

150 1003 190 1069 45
243 994 353 1057 Multa
367 993 466 1055 miser
479 992 581 1070 timeo,
597 992 753 1076 qucafeci
763 993 865 1055 multa
873 998 1038 1075 proterve,

282 1099 493 1182 Exemplique
506 1104 590 1162 metu
604 1106 753 1181 torqueor
766 1119 834 1162 ecce
847 1099 934 1161 mei:

242 1209 333 1292 Scope
347 1207 431 1269 mibi
442 1207 635 1290 dominaeque
648 1226 724 1268 meae
733 1211 907 1288 properata
921 1205 1068 1290 uoluptas

291 1315 380 1377 Veste
393 1314 450 1377 snb
466 1312 584 1396 injecta
599 1312 689 1375 dulce
697 1311 831 1395 peregit
843 1321 929 1396 opus.
992 1349 995 1355 ·

243 1421 312 1485 Hoc
325 1427 360 1482 tn
375 1441 434 1483 non
438 1419 547 1501 facies
555 1444 567 1492 ,·
582 1418 645 1491 sed,
664 1418 830 1500 refecisse
839 1418 975 1500 puteris,

152 1536 191 1602 50
285 1527 417 1592 Conscia
431 1525 470 1588 de
483 1530 574 1608 tergo
582 1524 691 1608 pallia
705 1523 793 1587 deme
806 1530 870 1587 tuo.

253 1635 311 1698 Vir
324 1633 409 1696 bibat
424 1651 614 1714 usquerogo
630 1629 799 1713 :precibus
812 1636 915 1695 tamen
930 1632 1034 1695 oscula
1049 1631 1176 1712 desent;

283 1741 430 1824 Dumque
443 1739 532 1811 bibit,
540 1737 677 1819 furtim,
695 1737 730 1799 si
735 1743 833 1820 potes,
849 1737 932 1800 adde
947 1759 1069 1801 merum
1079 1765 1093 1814 ,-

243 1848 288 1910 Si
300 1847 374 1911 bene
387 1845 574 1929 compositus
586 1864 689 1906 somno
703 1843 838 1925 vanoque
844 1843 978 1928 jacebit,

284 1954 463 2018 Consilium
479 1951 565 2015 uobis
578 1971 690 2034 resque
704 1951 848 2034 locusque
861 1950 992 2016 dabunt.

152 2073 190 2140 55
244 2062 272 2124 C
273 2083 326 2125 um
339 2081 457 2144 surges
469 2060 601 2123 abitura
615 2057 747 2130 domm
764 2077 937 2140 surgemus
950 2063 1106 2132 clamites,

283 2167 321 2230 In
336 2167 474 2230 medium
488 2165 657 2247 turbcefac
671 2184 788 2226 memor
800 2185 917 2248 agmen
931 2185 984 2229 eas
998 2186 1009 2230 .·

243 2273 386 2357 Agmine
398 2292 446 2335 me
461 2272 604 2335 inuenies
616 2278 673 2334 aut
688 2271 866 2335 invenieris
881 2272 916 2335 in
932 2271 989 2336 illo
999 2297 1012 2346 ,·

237 2448 241 2455 ,
285 2378 457 2462 Quidquid
469 2378 645 2461 ibipoteris
658 2383 801 2462 tangere,
820 2384 919 2463 tange
933 2379 1007 2443 mei.

245 2489 300 2552 Me
314 2486 466 2549 miserum
477 2495 489 2550 l
503 2485 613 2548 monui
617 2495 738 2568 paucas
750 2484 834 2568 quod
840 2485 948 2568 prosit
962 2484 997 2547 in
1012 2483 1107 2548 lcoras
1121 2511 1133 2550 .-

153 2592 192 2654 60
284 2595 426 2677 Separor
438 2614 458 2655 a
472 2591 607 2664 domina,
626 2596 710 2654 uocte
719 2590 863 2672 jubente,
881 2610 959 2655 meo.

245 2702 344 2764 Nocte
358 2700 413 2762 uir
428 2698 570 2763 includet
585 2719 595 2762 :
609 2698 758 2761 lacrimis
770 2719 828 2781 ego
841 2706 970 2762 mustus
983 2697 1108 2772 obortis,

287 2808 359 2888 Qua
374 2807 455 2878 licet,
475 2807 519 2868 ad
531 2808 634 2868 savos
641 2814 821 2888 prosequar
835 2806 1052 2889 usquefores;

248 2914 366 2980 Oscula
374 2913 449 2996 jam
463 2918 567 2975 sumet
574 2938 586 2983 ‚·
596 2911 671 2994 jam
687 2932 746 2974 uon
760 2919 887 2975 tontum
901 2912 1008 2976 osculo
1021 2917 1145 2975 sumet:

286 3020 381 3103 Quod
392 3019 476 3081 mibi
488 3018 687 3100 dasfurtim,
700 3018 784 3100 jure
797 3026 900 3083 coacta
914 3017 1016 3082 dabis.

154 3127 194 3207 65
254 3128 368 3191 Verum
384 3126 488 3190 invita
502 3126 582 3199 dato,
595 3131 685 3209 potes
698 3106 761 3198 hoc,
778 3126 962 3208 similisque
975 3130 1105 3196 coacta·

287 3234 470 3297 Blaudctc'ae
483 3240 615 3305 taceant,
634 3233 739 3314 sitque
753 3232 898 3314 maligna
913 3240 1034 3295 oenus!

247 3326 275 3404 S
277 3341 292 3403 i
303 3363 369 3404 mea
384 3348 454 3404 vota
470 3340 586 3411 valent,
608 3339 701 3427 illum
714 3359 833 3422 qnoque
848 3359 886 3400 ue
893 3338 993 3420 juvet
1007 3342 1097 3421 opto,-

287 3449 332 3512 Si
343 3449 457 3521 minus,
476 3453 510 3509 at
524 3452 608 3509 certe
621 3452 651 3508 te
660 3446 760 3528 juvet
775 3445 849 3507 iude
864 3445 951 3508 nobil
960 3470 973 3518 ,-

248 3555 317 3618 Sed
328 3574 526 3638 quaecumque
540 3560 644 3616 tamen
660 3552 918 3633 noctemfortuuo
932 3558 1091 3635 sequetur,

158 3678 197 3749 70
289 3661 373 3725 Cras
387 3661 472 3723 milei
481 3661 642 3723 constanti
653 3681 723 3722 voce
736 3659 863 3721 dedisse
877 3680 969 3741 nego.
