2648 4470
205 303 244 367 28
608 316 709 365 Lissa
725 315 858 366 eamus

243 569 327 632 Ante
339 589 420 630 meas
433 569 576 631 humeris
591 570 702 633 vellem
716 569 865 632 cecidisse
879 569 1015 631 lacertos
1032 589 1042 631 .·

287 675 420 738 Utiliter
427 676 627 759 potuiparte
640 697 751 739 carere
765 677 845 751 mei;

244 783 283 845 In
298 802 366 844 mea
380 802 512 845 vesanas
527 782 628 845 lealui
638 782 807 867 dispendia
822 783 920 852 uires,

153 900 190 966 25
283 889 332 952 Et
346 889 439 951 valui
446 908 568 972 poenam
579 889 682 967 fhrtis
697 890 731 952 in
748 891 813 973 ipse
827 908 939 951 meam.

246 994 337 1076 Quid
349 995 433 1058 milti
444 995 609 1069 vobiscum,
628 996 726 1059 cedis
738 995 953 1078 scelerumque
967 994 1152 1058 ministret

284 1101 400 1165 Debita
412 1103 583 1185 sacrilege
597 1103 704 1166 uincla
717 1103 821 1166 subite
836 1122 948 1165 manus
958 1106 973 1164 Ι

245 1209 307 1282 An,
325 1209 360 1271 si
364 1210 544 1293 pulsassem
559 1210 726 1272 minimum
740 1209 780 1272 de
790 1209 881 1292 plebe
895 1208 1070 1290 Quiritem,

285 1316 455 1381 Plecterer
469 1339 478 1378 .·
495 1317 529 1379 in
543 1315 701 1379 dominam
710 1317 773 1398 jus
787 1315 871 1378 milii
884 1314 990 1398 majus
1003 1314 1093 1377 erit?

155 1436 194 1500 37
245 1423 394 1488 Pessi'ma
413 1422 550 1504 Tydides
562 1423 715 1486 scelerum
730 1428 926 1486 monumenta
940 1420 1076 1505 reliquit
1093 1441 1117 1483 :·
1180 1453 1184 1458 ·

285 1529 346 1593 llle
358 1529 448 1592 deam
457 1530 586 1613 primus
595 1531 711 1614 percul
713 1532 739 1592 it
753 1557 764 1594 .·
777 1530 864 1593 alter
876 1533 959 1612 ega!

247 1636 294 1699 Et
306 1636 413 1700 miuus
428 1636 485 1699 ille
499 1656 607 1700 nocens
622 1658 632 1702 :
647 1638 737 1711 mini,
755 1657 848 1721 quam
859 1635 1037 1720 preſsular
1048 1653 1170 1708 amare,
1216 1654 1222 1663 ’

288 1745 378 1808 Laesa
392 1748 447 1817 est,
471 1741 611 1826 Tydides
625 1764 731 1806 sunus
746 1744 780 1805 in
795 1741 973 1824 lestefuit.

246 1850 268 1914 Ι
277 1871 367 1922 nuuc,
386 1848 573 1932 magnificos
586 1849 688 1913 ut'ctor
702 1850 814 1912 molire
828 1847 1013 1932 triumphos,

155 1971 172 2034 3
175 1970 192 2034 5
286 1958 391 2041 Cinge
402 1977 519 2020 comam
534 1957 625 2020 laura
640 1964 771 2040 uotaque
785 1956 882 2019 redde
897 1955 986 2034 Jani,

249 2066 388 2146 Quaque
401 2070 470 2127 tuas
482 2084 601 2128 currus
614 2063 780 2127 comitatus
793 2062 888 2125 turba
902 2067 1054 2143 sequetur

286 2172 410 2234 Clamet
424 2193 434 2232 :
449 2192 468 2234 <‹
482 2170 631 2252 latfhrti
640 2171 726 2233 vi'cta
737 2170 845 2253 puella
860 2170 932 2232 viro
944 2174 1014 2232 estt
1029 2188 1047 2228 >>

247 2277 332 2340 Ante
344 2283 394 2340 eat
407 2275 503 2360 effuso
516 2277 626 2340 tristis
639 2277 766 2360 capti'va
778 2276 901 2360 capillo,

287 2383 314 2447 S
315 2384 332 2445 i
340 2383 483 2446 sinerent
495 2383 588 2455 lusae,
607 2382 744 2445 candi'da
758 2389 830 2456 tata,
846 2402 950 2465 geute.

155 2502 196 2564 40
248 2489 367 2573 Aptius
381 2488 669 2571 irupressisfuerat
683 2490 788 2552 livere
802 2489 940 2561 labellis,

290 2595 336 2659 Et
348 2597 423 2659 collo
436 2595 551 2659 blandi
563 2596 669 2659 dentis
682 2596 797 2659 labere
812 2601 924 2658 natam.

248 2702 403 2786 Denique,
421 2703 455 2764 si
464 2702 588 2765 tumidi
599 2703 669 2765 ritu
682 2701 840 2766 torrentis
852 2700 981 2784 agebar,
1012 2685 1013 2690 ἵ

289 2810 436 2893 Caecaque
451 2829 498 2872 me
506 2809 652 2892 praedam
656 2809 786 2891 fecerat
800 2808 853 2870 ira
866 2828 966 2878 suam,

249 2915 362 2978 Nonne
375 2914 458 2977 satis
459 2914 579 2996 fuerat
592 2914 716 2976 timide
731 2914 919 2976 inclamasse
927 2913 1055 2997 puelle,

55 3053 56 3057 ¹
155 3035 194 3100 45
287 3023 356 3087 Nec
370 3021 506 3086 nimium
521 3020 652 3103 rigidas
665 3018 839 3081 intonuisse
853 3018 968 3089 minas,

248 3131 316 3194 Aut
329 3128 469 3191 tunicam
482 3147 603 3190 summa
618 3124 771 3188 deducere
785 3124 928 3207 turpiter
941 3143 998 3186 ora

288 3235 344 3299 Aa
355 3234 515 3299 medeam?
529 3233 641 3296 mediae
653 3253 731 3296 naua
744 3232 872 3294 tulisset
885 3241 981 3315 apem.

248 3345 294 3408 At
308 3363 391 3406 nune
403 3341 553 3413 sustinui,
572 3340 676 3423 raptis
689 3359 710 3401 a
714 3339 830 3421 fronte
843 3338 981 3421 capillis,

288 3449 433 3512 Ferreus
448 3449 605 3531 ingenuas
618 3465 726 3528 ungue
740 3451 850 3508 natare
859 3463 973 3527 genas.

159 3572 197 3637 50
249 3555 389 3623 Adstitit
404 3554 466 3617 illa
479 3573 586 3617 amens
600 3553 670 3616 alba
682 3558 713 3614 et
725 3553 797 3615 sine
810 3551 970 3634 sanguine
983 3548 1087 3625 uultu,

290 3662 317 3729 C
317 3662 468 3729 eduntur
480 3661 598 3726 Pariis
611 3659 721 3748 qualia
735 3679 814 3722 saxa
821 3657 930 3743 jugis.
