2648 4470
199 342 256 407 190
591 342 690 391 mauu
708 341 858 392 TERTIUS

144 608 178 670 15
233 592 261 656 C
262 581 320 655 um¹
332 596 360 656 Τ
357 593 436 662 loebe.
455 615 524 657 curn
544 595 574 656 T
570 595 643 677 roja
648 595 747 675 fhret,
766 616 836 657 cum
850 595 995 658 Caesaris
1008 603 1085 667 acta,

270 700 440 782 Ingenium
456 702 553 763 mouit
566 703 632 764 sola
650 703 792 767 Corinna
806 722 907 763 meum
919 726 929 763 .·

231 807 367 874 Aversis
381 807 504 868 utinam
512 808 689 890 tetigissem
703 809 849 871 carmina
863 807 979 876 Musis

270 912 408 975 Pbcebus
422 920 454 974 et
468 913 626 996 inceptum
640 914 839 977 destituisset
851 923 950 996 opust

175 1019 177 1024 ’
229 1020 299 1084 Nec
311 1027 415 1084 tamen
431 1026 467 1081 ut
479 1025 573 1083 testes
587 1041 651 1083 uros
663 1026 711 1082 est
724 1020 841 1084 audire
850 1025 959 1102 poetas
967 1045 981 1092 ,·

138 1138 177 1182 20
272 1127 454 1193 Malueram
469 1127 576 1191 uerbis
585 1126 829 1210 pondus-abesse
842 1129 933 1192 meis.

228 1235 300 1297 Per
313 1254 366 1295 uos
378 1233 500 1316 Scylla,
513 1234 611 1315 patri
621 1232 713 1302 canos
715 1233 837 1314 furata
849 1234 993 1317 capillos,

267 1340 358 1403 Pube
367 1338 489 1422 premit
502 1339 630 1402 rabidos
644 1339 896 1423 inguinibusque
908 1361 1021 1415 canes;

227 1448 295 1510 Nos
304 1445 438 1529 pedibus
446 1446 566 1528 pinnas
580 1446 735 1522 clodionus,
752 1468 807 1510 nos
821 1447 966 1510 erunibus
979 1466 1124 1530 angues,-

275 1551 380 1616 Victor
395 1551 592 1616 Abantiades
605 1553 683 1615 alite
686 1553 807 1634 fertur
819 1573 905 1637 equo.

226 1658 313 1721 Idem
322 1668 385 1741 per
398 1657 535 1740 spatium
554 1659 668 1742 Tityon
679 1661 887 1742 porreximus
903 1661 1027 1742 iugens,
1052 1707 1060 1720 .

266 1766 299 1829 E
300 1771 313 1826 t
326 1764 394 1827 trra
410 1763 535 1846 uipereo
544 1765 682 1842 fecimus
694 1787 750 1828 oro
765 1767 860 1839 cani,-

224 1872 375 1936 Fecimus
388 1871 573 1963 Enceladon
581 1871 786 1953 jaculantem
801 1872 891 1934 mille
906 1872 1047 1943 lacertis,

264 1979 438 2062 Ambigua
449 1984 552 2063 captos
567 1979 716 2062 uirginis
729 1999 782 2042 ore
797 1979 906 2051 uiros,-

224 2085 354 2148 AEolios
366 2085 488 2148 Itbacis
504 2085 694 2149 inclusimus
707 2085 835 2148 utribus
849 2084 883 2147 E
885 2104 959 2146 uros
966 2110 979 2156 ,-

262 2191 421 2255 Proditor
435 2192 471 2253 iu
485 2191 587 2255 medio
605 2192 761 2255 Tantalus
773 2211 865 2253 amne
878 2191 954 2253 sitit
962 2216 976 2265 ,-

225 2297 275 2360 De
288 2298 390 2361 Niobe
403 2297 535 2371 silicem,
554 2297 593 2362 de
606 2298 742 2381 virgine
750 2297 888 2377 fhco‘onus
900 2317 1013 2360 ursam
1022 2321 1034 2368 ,·

266 2404 414 2470 Concinit
430 2403 608 2487 Odrysium
622 2403 772 2487 Cecropis
785 2404 854 2467 ales
867 2405 942 2486 Ityn
952 2427 965 2476 ,-

223 2511 383 2595 Juppiter
396 2515 452 2573 aut
467 2511 501 2573 in
513 2531 589 2574 aues
601 2519 657 2576 aut
670 2532 703 2574 se
717 2509 931 2591 transformat
946 2509 979 2571 in
994 2529 1121 2582 aurum,

236 2675 238 2679 ,
262 2617 331 2679 Aut
343 2622 428 2679 secat
442 2615 587 2700 imposita
602 2617 736 2698 virgine
750 2624 868 2679 taurus
881 2637 992 2698 aquas.

223 2725 341 2787 Protea
354 2721 437 2805 quid
449 2724 599 2804 referam,
623 2723 828 2805 Thebanaque
841 2724 972 2796 semina,
991 2722 1100 2786 dentes
1110 2748 1123 2795 ,-

263 2828 333 2908 Qui
345 2827 667 2912 comerentflammas
679 2849 741 2901 ore,
750 2829 863 2910 fuisse
881 2829 978 2900 booes,
1002 2906 1005 2911 ¹

221 2935 322 3026 Flere
331 2936 430 3020 genis
444 2936 562 3000 electra
577 2942 659 3010 tuas,
678 2936 821 3020 Auriga,
839 2957 975 3014 sorores,

261 3043 403 3123 Quaque
418 3048 502 3105 rates
512 3041 649 3118 fuerint,
667 3063 750 3105 nuuc
764 3045 868 3106 maris
880 3064 947 3106 esse
961 3043 1043 3116 deas,
1150 3077 1152 3081 ·

126 3145 132 3152 ’
222 3149 444 3231 Aversumque
457 3149 541 3212 diem
556 3149 672 3212 mensis
675 3149 865 3232 florentibus
876 3149 985 3222 Atrei,

261 3256 417 3339 Duraque
425 3265 612 3339 percussam
625 3277 704 3318 saxa
717 3263 824 3319 secuta
837 3256 971 3338 lyram?

222 3362 308 3425 Exit
322 3363 356 3425 iu
372 3363 558 3434 immensum
568 3362 707 3440 fecunda
721 3363 855 3426 licentia
870 3370 988 3435 uatum,

265 3468 401 3552 Obligat
414 3468 566 3532 historica
581 3490 637 3531 nec
649 3490 707 3533 suo
721 3468 911 3554 uerbofide;

224 3575 271 3638 Et
285 3595 353 3637 meo
367 3574 519 3638 debuerat
522 3575 614 3656 salso
628 3575 760 3638 laudata
775 3576 887 3639 oo'cleri

260 3680 398 3744 Femina
409 3681 611 3744 :credulitas
624 3703 708 3743 nuuc
720 3682 806 3744 milri
817 3691 927 3746 oestro
941 3691 1039 3748 nocet.
