2648 4470
151 322 190 385 ἑο
550 323 649 387 [laea
671 324 802 388 petuas

189 590 334 674 Singula
349 591 431 673 qnid
443 592 584 673 referam
596 595 614 656 ,7
628 592 680 654 nil
693 612 753 654 nan
767 592 930 655 laudabile
944 592 1023 667 m’di,

230 699 278 761 Et
293 698 411 760 nudam
421 699 533 781 pressi
543 709 654 781 eorpus
667 699 713 761 ad
725 719 820 781 usque
834 719 948 785 meum.¹

98 824 136 886 25
190 803 307 866 Cetera
321 805 395 886 quis
409 805 538 867 nescit?
551 805 650 868 Lassi
661 806 877 889 requievimus
888 805 986 869 amba.

230 910 433 974 Proveniant
447 912 550 974 medii
559 911 607 975 sic
621 912 706 974 mitti
715 922 796 996 sape
809 912 901 976 dies!

292 1851 434 1947 ΑΝΪΤΟΒ,
454 1873 625 1957 r‘ndignum
637 1882 649 1938 t
661 1873 747 1937 dura
761 1873 903 1958 religate
915 1878 1033 1947 catena,

151 1880 287 2159 Q
311 1981 486 2068 Difficilem
500 1989 581 2045 mata
594 1981 727 2044 cardine
735 1981 842 2064 pande
844 1979 977 2062 farem!

292 2089 386 2168 Quod
391 2074 508 2172 'precor
521 2087 676 2172 eur'gtnum
689 2095 738 2151 est
753 2109 763 2151 :
777 2086 935 2167 aditufac
942 2087 1052 2169 janua
1060 2097 1086 2173 p

230 2197 402 2280 Obliquum
417 2176 523 2279 eripiat
535 2193 769 2277 semiadaperta
784 2193 890 2258 tatus!

117 2321 133 2382 5
189 2305 320 2385 Longus
334 2322 424 2364 amar
436 2301 519 2364 tales
531 2310 644 2384 carpus
657 2301 803 2363 tenuavit
818 2299 852 2363 in
867 2320 951 2374 usus,

228 2413 375 2493 Aptaque
388 2407 535 2471 subducta
549 2417 675 2491 carpere
688 2407 827 2470 membra
841 2406 932 2470 dedit
939 2432 952 2482 ,·

188 2517 252 2580 Ille
261 2527 323 2600 per
336 2514 482 2579 excubias
495 2515 657 2578 custodum
672 2515 790 2578 leniter
804 2515 854 2578 ire

229 2624 400 2694 Monstrat,
421 2621 586 2704 rneiffensas
599 2620 725 2704 dirigit
740 2621 798 2684 ille
805 2621 912 2704 pedes.

189 2731 236 2793 At
248 2728 401 2813 quandam
417 2733 531 2790 noctem
545 2727 784 2809 simulacraque
797 2747 880 2790 vana
895 2725 1041 2789 timebam
1050 2752 1063 2801 ,-

101 2858 135 2899 ιο
230 2835 391 2907 Mirabar,
410 2834 552 2920 tenebris
565 2833 714 2916 quisquis
728 2835 837 2896 iturus
848 2840 946 2898 erat:

188 2943 287 3014 Risit,
307 2948 342 3004 ut
355 2942 512 3012 audirem,
530 2920 640 3004 tinera
654 2961 724 3003 cnm
738 2946 842 3004 matre
855 2939 883 3004 C
885 2940 988 3024 apide,

228 3049 279 3112 Et·
291 3049 408 3112 leviter
422 3071 432 3114 .·
448 3070 466 3111 <<
480 3047 560 3110 Fies
573 3055 610 3110 tn
624 3047 875 3130 quaquefartis!
889 3067 908 3110 »
920 3047 979 3111 ait.

188 3157 258 3218 Nec
271 3175 367 3228 mara,
387 3155 477 3218 venit
489 3175 578 3217 amar
593 3174 603 3216 .·
619 3176 678 3217 nan
694 3155 823 3218 umbras
837 3159 921 3217 nacte
935 3154 1085 3228 volantes,

228 3264 302 3325 Nan
316 3263 410 3325 timea
423 3262 555 3324 strictas
570 3262 604 3325 in
619 3281 686 3324 mea
689 3262 767 3343 fata
782 3281 915 3336 manus,·

101 3389 134 3452 15
192 3369 235 3432 Te
249 3370 385 3432 nimium
399 3369 521 3431 lentum
535 3370 637 3441 timeo,
656 3368 721 3432 tibi
731 3368 880 3432 blandiar
892 3369 976 3430 uni:

233 3478 260 3539 Τ
259 3499 279 3539 u
294 3497 342 3538 me
356 3496 415 3558 qua
424 3476 530 3560 passis
537 3476 678 3559 perdere
681 3476 814 3558 fulmen
828 3473 929 3538 habes.

188 3583 327 3664 Adspice
343 3583 409 3663 (uti
420 3582 539 3651 videas,
558 3583 695 3645 immitia
709 3583 853 3646 claustra
869 3582 994 3660 relaxa)

233 3689 301 3752 Uda
315 3689 362 3751 sit
376 3695 410 3751 ut
424 3689 572 3752 lacrimis
576 3689 682 3772 janua
685 3690 782 3770 facta
796 3689 900 3750 meis!
