2648 4470
143 302 182 365 28
547 317 647 366 unsa
664 317 796 368 vulnus

181 569 264 631 Ante
277 588 358 630 meas
371 568 514 631 humeris
529 570 641 633 vellem
655 570 803 634 cecidisse
816 571 953 633 lacertas
970 591 979 633 .·

224 674 358 737 Utiliter
365 675 565 758 petniparte
578 697 689 740 carere
703 679 783 752 mei,·

181 781 220 843 ln
235 801 303 843 mea
318 801 450 844 vesanas
466 781 565 845 habui
576 782 745 868 dispendia
760 784 857 853 uires,

90 898 127 963 25
220 888 268 950 Et
283 887 377 950 valui
383 906 506 971 poeuam
516 889 620 968 sertis
635 891 668 952 in
685 890 751 972 ipse
764 909 875 953 meam.

184 993 273 1074 Quid
286 992 371 1057 milri
382 994 547 1070 vobiscum,
565 996 663 1059 caedas
675 996 890 1080 scelerumque
904 997 1085 1060 ministret

220 1100 337 1165 Debita
350 1102 520 1185 sacrilege
535 1103 641 1166 vimla
654 1103 758 1166 subite
772 1124 884 1166 manus
895 1108 909 1166 !

183 1207 244 1282 An,
261 1208 297 1271 si
301 1210 481 1292 pulsassem
495 1210 663 1272 mz'ninmm
678 1209 717 1272 de
726 1209 818 1293 plebe
831 1209 1007 1291 Quiritem,

222 1315 391 1379 Plecterer
406 1339 415 1378 :
432 1317 466 1378 in
480 1316 638 1379 dominam
646 1317 710 1398 jus
723 1316 807 1378 milri
820 1315 926 1400 majus
939 1316 1030 1380 eritt
1151 1318 1155 1325 '

91 1435 130 1498 30
182 1422 330 1485 Pessima
349 1421 487 1502 Tydides
498 1423 652 1486 scelerum
667 1428 862 1487 monumenta
877 1422 1012 1506 reliquit
1029 1444 1052 1486 .·-
1112 1453 1115 1457 ·

221 1527 281 1593 Ille
294 1528 384 1591 deam
392 1529 524 1611 primns
531 1530 675 1613 perculit
689 1557 700 1594 :
714 1530 800 1593 alter
812 1550 870 1613 ega
881 1533 895 1592 l

183 1635 230 1698 Et
242 1635 350 1699 minus
364 1635 421 1699 ille
434 1655 543 1699 nocens
558 1657 569 1701 .·
583 1636 673 1711 milri,
692 1657 784 1720 quam
794 1636 972 1720 profitebar
985 1655 1105 1712 amare,
1153 1648 1158 1656 ‘

223 1744 315 1807 Lusa
328 1748 383 1816 est,
406 1741 547 1825 Tydides
561 1763 668 1805 sevus
683 1743 716 1805 iu
731 1743 909 1824 hastefuit.

182 1851 203 1913 l
212 1869 302 1921 nnnc,
322 1847 508 1930 magnifices
522 1848 624 1912 vr'ctar
638 1849 750 1912 molire
764 1849 948 1932 triumphos,

90 1969 128 2033 35
221 1955 326 2040 Cinge
339 1975 454 2019 comam
469 1957 561 2019 laura
575 1963 706 2040 nataque
721 1955 818 2018 redde
832 1956 921 2036 Jovi,

184 2064 323 2146 Quaque
337 2069 406 2127 tuos
418 2083 537 2127 currus
549 2063 715 2127 comitatus
728 2063 823 2125 turba
837 2068 989 2145 sequetur

221 2169 346 2233 Clamet
360 2192 369 2232 .·
385 2170 566 2252 «Iatferti
575 2170 661 2232 vieta
673 2171 781 2254 puella
795 2171 867 2233 vire
880 2175 948 2233 est!
964 2191 982 2231 »

181 2276 267 2338 Ante
279 2280 330 2338 eat
342 2275 438 2359 effusa
451 2277 561 2339 trr'stis
574 2277 701 2360 captim
714 2277 836 2359 capillo,

222 2382 249 2446 S
250 2383 267 2444 i
275 2382 418 2445 sinerent
431 2382 523 2454 lesse,
542 2382 679 2447 candida
693 2389 765 2456 tota,
780 2403 885 2466 genu.

90 2501 130 2564 40
183 2488 301 2572 Aptius
316 2487 480 2570 impressis
484 2489 605 2568 fuerat
618 2490 723 2553 liuere
737 2489 874 2562 labellis,

224 2594 270 2658 Et
282 2595 358 2659 cello
371 2595 486 2658 blandi
497 2596 604 2658 dentis
617 2596 731 2659 labere
746 2602 858 2659 notam.

183 2701 337 2786 Denique,
355 2703 390 2764 si
399 2702 522 2765 tumidi
533 2703 603 2765 ritu
617 2702 774 2766 torrentis
787 2701 916 2785 agebar,
946 2687 948 2692 ³

222 2809 370 2893 Caecaque
385 2829 433 2872 me
439 2809 587 2892 prcedam
591 2808 720 2890 fecerat
734 2810 786 2872 ira
800 2829 900 2880 suam,

182 2915 296 2977 Nonne
308 2913 513 2995 satisfuerat
526 2914 651 2977 timidae
665 2914 853 2977 inclamasse
862 2915 989 2999 puelle,

89 3034 128 3099 45
221 3022 290 3085 Nec
304 3020 440 3086 nimium
454 3019 585 3103 rigidas
599 3018 773 3082 intonuisse
787 3020 902 3092 minas,

182 3130 210 3195 A
215 3133 249 3191 ut
262 3127 402 3190 tunicam
415 3147 536 3188 summa
552 3124 705 3189 deducere
718 3126 862 3208 turpiter
875 3146 931 3189 ara

221 3234 277 3297 Ad
288 3233 449 3298 mediam?
462 3233 574 3296 medrce
587 3252 664 3296 uana
679 3233 806 3295 tulisset
819 3243 914 3316 opem.

182 3343 227 3408 At
241 3362 323 3405 nunc
336 3338 486 3412 sustinui,
505 3339 610 3423 raptis
623 3359 644 3401 a
647 3340 763 3422 fronte
776 3339 914 3422 capillis,
971 3373 972 3376 κ

221 3448 366 3511 Ferreus
381 3448 538 3531 ingenuas
552 3465 660 3528 ungue
674 3453 783 3510 natare
792 3465 906 3528 genas.

91 3571 129 3637 50
182 3554 322 3622 Adstitit
337 3553 398 3617 illa
412 3573 519 3616 amens
533 3552 603 3616 alba
616 3558 646 3614 et
658 3553 730 3614 sine
743 3552 902 3635 sanguine
916 3550 1019 3629 vultu,

222 3661 400 3728 Caeduntur
413 3661 531 3726 Pariis
544 3660 654 3747 qualia
669 3680 748 3722 saxa
754 3658 863 3745 jugis.
