2648 4470
157 335 213 397 144
548 333 649 381 LIBER
669 332 820 383 TERTIUS

191 586 284 648 Risit
295 592 325 647 et
338 588 471 669 argutis
484 587 637 670 quiddam
646 589 803 671 promisit
817 588 926 651 ocellis
941 610 950 650 :

230 693 296 756 Hic
310 694 391 755 satis
404 701 453 756 est
461 719 474 768 ;
488 695 553 756 alio
565 700 669 758 cetera
684 696 782 758 redde
794 695 882 758 locol

651 1210 712 1284 Ill
748 1214 791 1303 μ’

289 1665 349 1717 SSE
363 1636 434 1716 cels
447 1652 499 1716 lu‘c
512 1652 606 1715 crede
615 1671 626 1715 :
631 1651 735 1735 fidem
740 1652 858 1738 jurata
861 1652 1001 1736 fefellit,

151 1655 286 1939 Q
308 1761 342 1824 E
343 1767 357 1823 t
360 1759 469 1841 facim
484 1759 540 1820 illi
550 1758 701 1841 quaefim't
714 1765 788 1822 aute
802 1764 930 1823 manet!

289 1869 392 1950 Quam
408 1868 517 1951 longos
528 1865 650 1939 habuit,
668 1865 804 1929 nondum
812 1866 966 1948 perjura,
984 1865 1131 1950 capillos,

230 1976 260 2039 Τ
256 1997 308 2037 am
321 1975 336 2036 l
337 1994 442 2058 ougos,
453 1978 620 2056 postquam
634 1974 767 2036 numina
782 1973 873 2047 torsit,
886 1973 1002 2045 habet,-

113 2094 132 2157 5
187 2081 214 2144 C
214 2082 335 2146 andida
349 2080 517 2144 candorem
531 2099 616 2142 roseo
628 2080 752 2162 suffusa
767 2079 882 2143 rubore

129 2193 134 2202 '
224 2189 308 2250 Ante
311 2187 389 2268 fuit
399 2209 409 2251 :
425 2186 515 2249 niueo
529 2187 611 2248 lucet
625 2186 659 2248 iu
673 2206 727 2248 ore
742 2187 839 2248 rubor
846 2211 859 2260 ,·

184 2296 251 2357 Pes
263 2300 334 2356 erat
347 2293 508 2375 exiguus:
519 2291 674 2375 pedis-est
687 2293 857 2356 artissima
865 2291 1001 2371 forma:

225 2401 335 2483 Longa
348 2399 520 2480 decensque
523 2399 622 2480 fuit:
638 2401 733 2484 longa
747 2400 917 2484 decensque
931 2403 1057 2472 mauet;

184 2507 332 2591 Aegrotas
342 2504 472 2567 habuit:
488 2505 621 2567 radiant
635 2513 671 2568 ut
683 2505 776 2568 sidus
789 2508 892 2581 ocelli,

96 2629 131 2674 10
223 2615 294 2676 Per
308 2633 383 2695 quos
397 2613 529 2674 meutz'ta
542 2588 727 2696 estpcrfida
740 2623 822 2697 soepe
835 2614 933 2677 milui.

183 2721 318 2785 Scilicet
331 2718 583 2799 (eternofalsum
589 2718 711 2802 jurare
720 2721 847 2803 puellis

89 2815 91 2818 ’
224 2827 276 2891 Di
285 2846 404 2910 quoque
417 2825 594 2896 concedunt,
602 2826 777 2908 formaque
791 2847 906 2889 numen
919 2826 1020 2892 habat.

183 2937 314 3016 Perque
327 2954 400 2995 suos
414 2933 507 2994 illam
521 2941 623 3014 nuper
628 2932 765 3014 jurasse
779 2933 936 3006 recordor,

223 3043 355 3121 Perque
369 3059 449 3102 meos
463 3038 563 3100 oculos
577 3057 588 3099 .·
602 3044 633 3100 et
646 3038 777 3102 doluere
790 3040 874 3102 mei!

96 3159 130 3223 15
184 3147 301 3220 Dicite,
319 3146 363 3218 di,
382 3147 416 3208 si
426 3166 480 3207 uos
495 3145 620 3226 impune
624 3145 798 3227 fefellerat
814 3146 882 3219 ata,

224 3254 376 3316 Alterius
389 3252 504 3314 meriti
514 3273 574 3315 cur
587 3272 645 3335 ego
659 3252 773 3315 damna
788 3253 876 3316 tulit

184 3360 230 3421 At
243 3381 302 3423 nou
318 3359 453 3420 inuidiae
467 3358 553 3420 vobis
567 3358 704 3440 Cepheia
719 3360 817 3443 virgo
830 3363 884 3431 est,

224 3469 295 3529 Pro
309 3464 541 3546 maleformosa
547 3465 643 3547 jussa
652 3471 787 3548 parente
802 3464 907 3528 morit

185 3575 258 3637 Nou
272 3574 353 3636 satis
366 3579 423 3645 est,
441 3572 524 3653 quod
536 3592 589 3634 uos
602 3571 703 3633 habui
712 3572 782 3634 siue
790 3569 930 3655 paudere
944 3576 1050 3643 testes,

93 3697 133 3742 20
225 3681 259 3744 E
259 3688 273 3743 t
287 3699 405 3743 mecum
419 3678 505 3741 lusos
517 3679 605 3742 ridet
618 3679 724 3742 omullo
738 3679 833 3742 deos?
