2648 4470
586 330 688 385 unm<
704 335 834 386 Pressius
1171 312 1296 408 [wll

570 448 573 453 '
797 443 1301 482 -...-.............f

316 1459 387 1507 DDE
400 1465 514 1506 manus
529 1447 562 1507 in
577 1445 683 1509 viliela
698 1467 783 1508 meas
797 1449 959 1527 (meruere
972 1449 1129 1528 catenas),
1209 1504 1212 1509 ,

175 1445 313 1732 Q
333 1550 421 1613 Dum
424 1550 530 1632 furor
542 1552 643 1613 amnis
655 1553 731 1625 abit,
748 1553 865 1636 siquis
877 1553 1000 1617 amicus
1013 1553 1108 1616 ades!

314 1657 511 1738 Namfurar
526 1658 559 1720 in
580 1658 739 1722 dominam
757 1660 930 1723 temeraria
949 1659 1083 1724 bracln‘a
1103 1658 1219 1725 mavit:

252 1765 330 1830 Flet
343 1785 410 1828 mea
425 1786 541 1828 vesana
556 1766 630 1828 lasa
638 1767 749 1849 puella
763 1787 870 1829 manu.

140 1885 158 1951 5
217 1873 304 1937 Tunc
316 1893 374 1957 ega
388 1873 440 1935 vel
451 1892 542 1936 caras
551 1873 645 1955 patui
656 1874 779 1936 violare
787 1879 946 1956 parentes,

249 1979 345 2044 Saeva
360 1979 413 2043 vel
427 1981 461 2042 in
475 1984 597 2042 sanctas
611 1980 745 2042 verbera
750 1981 848 2059 ferre
861 1979 942 2042 deas.

213 2087 329 2169 Quid?
342 2108 401 2149 nan
415 2093 446 2149 et
460 2087 559 2169 clipei
570 2086 715 2148 daminus
727 2087 939 2171 septemplicis
952 2087 1048 2169 Ajax

249 2193 382 2256 Stravit
395 2193 562 2277 deprensas
576 2194 643 2256 lata
654 2202 715 2276 per
727 2214 809 2256 arva
819 2214 951 2277 greges,

211 2299 266 2373 Et,
286 2298 406 2362 vindex
421 2300 456 2360 in
471 2304 575 2361 matre
582 2300 701 2381 patris,
719 2300 823 2363 malus
837 2300 933 2372 ultor,
954 2299 1088 2364 Orestes

121 2421 157 2465 ιο
195 2412 198 2418 “
249 2407 357 2470 Ausus
373 2406 406 2467 in
420 2393 577 2495 arcessnas
585 2415 712 2487 pascere
726 2406 790 2467 tela
804 2404 909 2467 deas?

209 2512 243 2575 E
243 2532 304 2597 rga
316 2531 375 2595 ega
385 2511 530 2595 digestos
538 2513 635 2595 patui
644 2513 773 2575 laniare
786 2513 939 2593 capillos!

247 2620 316 2683 Nec
329 2617 486 2682 dominam
502 2624 590 2680 maiae
603 2617 774 2684 dedecuere
788 2639 880 2682 cama
888 2643 898 2688 .·

206 2726 265 2791 Sic
268 2726 414 2809 formasa
418 2725 495 2806 fuit
510 2747 519 2787 :
535 2726 629 2788 talem
643 2723 830 2788 Schoeaeida
845 2725 948 2788 dicam

246 2832 420 2896 Menalcas
433 2853 512 2895 arcu
525 2830 714 2894 sollicitasse
716 2830 816 2911 feras
822 2857 835 2906 ,-

211 2940 302 3003 Talis
310 2938 450 3023 perjuri
456 2939 675 3024 promissaque
689 2939 817 3021 velaque
835 2937 949 3000 llzesei

117 3063 151 3128 15
243 3047 357 3110 Flevit
365 3047 550 3130 praecipites
564 3045 681 3108 Cressa
697 3045 810 3108 tulisse
824 3045 943 3116 Natos,·

204 3154 232 3216 S
234 3155 270 3228 ic,
290 3153 358 3216 nisi
369 3153 495 3216 az'tlatz's
508 3153 591 3236 quad
602 3157 674 3214 erat
688 3151 874 3216 Cassandra
888 3149 1027 3234 capillis,

244 3260 422 3325 Procubuit
435 3260 556 3344 templa,
575 3265 663 3322 casta
677 3259 840 3330 Minerva,
859 3265 923 3323 tua.

207 3363 1223 3449 Quismiln'nanademenslsquiscormiliabarbarelsDixit

244 3477 318 3558 Ipsa
333 3474 418 3537 nihil
433 3500 444 3538 .·
456 3473 574 3558 pavida
587 3479 635 3535 esl
647 3474 764 3556 lingua
781 3478 903 3535 retenta
918 3477 1001 3533 metu
1012 3496 1025 3546 ,-

114 3600 153 3659 eo
204 3581 273 3646 Sed
284 3581 379 3645 taciti
386 3581 492 3661 fecere
506 3588 609 3644 tamen
623 3580 763 3643 convicia
779 3579 888 3641 vultus
903 3601 913 3644 :

244 3689 278 3757 E
274 3689 331 3778 git
345 3709 394 3751 me
407 3687 555 3759 lacrimis
568 3706 622 3751 are
634 3687 747 3753 silente
762 3705 863 3752 reum.
