<?xml version="1.0" encoding="UTF-8"?>
<!DOCTYPE html PUBLIC "-//W3C//DTD XHTML 1.0 Transitional//EN"
    "http://www.w3.org/TR/xhtml1/DTD/xhtml1-transitional.dtd">
<html xmlns="http://www.w3.org/1999/xhtml" xml:lang="en" lang="en">
 <head>
  <title>
</title>
<meta http-equiv="Content-Type" content="text/html;charset=utf-8" />
  <meta name='ocr-system' content='tesseract 3.04.00' />
  <meta name='ocr-capabilities' content='ocr_page ocr_carea ocr_par ocr_line ocrx_word'/>
</head>
<body>
  <div class='ocr_page' id='page_1' title='image "./povidiinasonisa00ovidgoog_0103.png"; bbox 0 0 2648 4470; ppageno 0'>
   <div class='ocr_carea' id='block_1_1' title="bbox 207 305 851 371">
    <p class='ocr_par' dir='ltr' id='par_1_1' title="bbox 207 305 851 371">
     <span class='ocr_line' id='line_1_1' title="bbox 207 305 851 371; baseline 0 -14"><span class='ocrx_word' id='word_1_1' title='bbox 207 306 248 371; x_wconf 72' lang='lat'><em>3⁰</em></span> <span class='ocrx_word' id='word_1_2' title='bbox 606 305 851 357; x_wconf 74' lang='lat' dir='ltr'><em>LtssERPRmus</em></span> 
     </span>
    </p>
   </div>
   <div class='ocr_carea' id='block_1_2' title="bbox 1021 429 1219 447">
    <p class='ocr_par' dir='ltr' id='par_1_2' title="bbox 1021 429 1219 447">
     <span class='ocr_line' id='line_1_2' title="bbox 1021 429 1219 447; baseline -0.02 -1"><span class='ocrx_word' id='word_1_3' title='bbox 1021 429 1219 447; x_wconf 44' lang='grc' dir='ltr'><em>*α</em></span> 
     </span>
    </p>
   </div>
   <div class='ocr_carea' id='block_1_3' title="bbox 114 556 1174 2245">
    <p class='ocr_par' dir='ltr' id='par_1_3' title="bbox 114 556 1174 2245">
     <span class='ocr_line' id='line_1_3' title="bbox 248 556 1113 639; baseline 0.005 -19"><span class='ocrx_word' id='word_1_4' title='bbox 248 556 429 620; x_wconf 79' lang='lat' dir='ltr'><em>Exanimes</em></span> <span class='ocrx_word' id='word_1_5' title='bbox 440 563 535 623; x_wconf 82' lang='lat' dir='ltr'><em>artus</em></span> <span class='ocrx_word' id='word_1_6' title='bbox 547 563 579 620; x_wconf 92' lang='lat' dir='ltr'><em>et</em></span> <span class='ocrx_word' id='word_1_7' title='bbox 591 560 730 623; x_wconf 79' lang='lat' dir='ltr'><em>membra</em></span> <span class='ocrx_word' id='word_1_8' title='bbox 744 558 915 623; x_wconf 80' lang='lat' dir='ltr'><em>trementia</em></span> <span class='ocrx_word' id='word_1_9' title='bbox 930 560 1010 634; x_wconf 62' lang='lat' dir='ltr'><em>uana]</em></span> <span class='ocrx_word' id='word_1_10' title='bbox 1109 630 1113 639; x_wconf 52' lang='grc'><strong><em>,</em></strong></span> 
     </span>
     <span class='ocr_line' id='line_1_4' title="bbox 292 663 952 749; baseline 0.006 -22"><span class='ocrx_word' id='word_1_11' title='bbox 292 663 334 727; x_wconf 88' lang='lat' dir='ltr'><em>Ut</em></span> <span class='ocrx_word' id='word_1_12' title='bbox 346 685 416 727; x_wconf 90' lang='lat' dir='ltr'><em>cum</em></span> <span class='ocrx_word' id='word_1_13' title='bbox 426 665 578 749; x_wconf 87' lang='lat' dir='ltr'><em>populeos</em></span> <span class='ocrx_word' id='word_1_14' title='bbox 592 667 730 730; x_wconf 86' lang='lat' dir='ltr'><em>uentilat</em></span> <span class='ocrx_word' id='word_1_15' title='bbox 742 687 827 730; x_wconf 87' lang='lat' dir='ltr'><em>auro</em></span> <span class='ocrx_word' id='word_1_16' title='bbox 841 687 952 740; x_wconf 86' lang='lat' dir='ltr'><em>comos,</em></span> 
     </span>
     <span class='ocr_line' id='line_1_5' title="bbox 253 771 1001 857; baseline 0.004 -23"><span class='ocrx_word' id='word_1_17' title='bbox 253 771 293 834; x_wconf 84' lang='lat' dir='ltr'><em>Ut</em></span> <span class='ocrx_word' id='word_1_18' title='bbox 307 771 376 833; x_wconf 89' lang='lat' dir='ltr'><em>leui</em></span> <span class='ocrx_word' id='word_1_19' title='bbox 385 771 535 856; x_wconf 80' lang='lat' dir='ltr'><em>Zephyro</em></span> <span class='ocrx_word' id='word_1_20' title='bbox 544 774 689 857; x_wconf 73' lang='lat' dir='ltr'><em>gracilis</em></span> <span class='ocrx_word' id='word_1_21' title='bbox 702 774 853 838; x_wconf 80' lang='lat' dir='ltr'><em>ua&#39;bratur</em></span> <span class='ocrx_word' id='word_1_22' title='bbox 864 773 1001 848; x_wconf 80' lang='lat' dir='ltr'><em>arundo,</em></span> 
     </span>
     <span class='ocr_line' id='line_1_6' title="bbox 114 875 1174 963; baseline 0.011 -27"><span class='ocrx_word' id='word_1_23' title='bbox 114 891 194 957; x_wconf 10' lang='lat'><em>&#39;55</em></span> <span class='ocrx_word' id='word_1_24' title='bbox 285 875 459 941; x_wconf 83' lang='lat' dir='ltr'><em>Summave</em></span> <span class='ocrx_word' id='word_1_25' title='bbox 471 899 542 945; x_wconf 84' lang='lat' dir='ltr'><em>cum</em></span> <span class='ocrx_word' id='word_1_26' title='bbox 556 878 661 963; x_wconf 81' lang='lat' dir='ltr'><em>tepido</em></span> <span class='ocrx_word' id='word_1_27' title='bbox 673 879 859 963; x_wconf 73' lang='lat' dir='ltr'><em>stringitur</em></span> <span class='ocrx_word' id='word_1_28' title='bbox 874 879 961 945; x_wconf 82' lang='lat' dir='ltr'><em>unda</em></span> <span class='ocrx_word' id='word_1_29' title='bbox 974 882 1069 948; x_wconf 89' lang='lat' dir='ltr'><em>Noto.</em></span> <span class='ocrx_word' id='word_1_30' title='bbox 1171 924 1174 931; x_wconf 92' lang='lat'><em>-</em></span> 
     </span>
     <span class='ocr_line' id='line_1_7' title="bbox 246 982 997 1072; baseline 0.008 -27"><span class='ocrx_word' id='word_1_31' title='bbox 246 982 474 1069; x_wconf 71' lang='lat' dir='ltr'><em>Suspensaeque</em></span> <span class='ocrx_word' id='word_1_32' title='bbox 487 985 546 1051; x_wconf 86' lang='lat' dir='ltr'><em>diu</em></span> <span class='ocrx_word' id='word_1_33' title='bbox 559 986 846 1070; x_wconf 71' lang='lat' dir='ltr'><em>locrauoaeflnnere</em></span> <span class='ocrx_word' id='word_1_34' title='bbox 854 997 919 1072; x_wconf 90' lang='lat' dir='ltr'><em>per</em></span> <span class='ocrx_word' id='word_1_35' title='bbox 931 1007 997 1065; x_wconf 82' lang='lat' dir='ltr'><em>ora,</em></span> 
     </span>
     <span class='ocr_line' id='line_1_8' title="bbox 287 1093 947 1178; baseline 0.006 -24"><span class='ocrx_word' id='word_1_36' title='bbox 287 1093 442 1174; x_wconf 80' lang='lat' dir='ltr'><em>Qualiter</em></span> <span class='ocrx_word' id='word_1_37' title='bbox 453 1093 571 1177; x_wconf 77' lang='lat' dir='ltr'><em>abjecta</em></span> <span class='ocrx_word' id='word_1_38' title='bbox 585 1093 624 1157; x_wconf 86' lang='lat' dir='ltr'><em>de</em></span> <span class='ocrx_word' id='word_1_39' title='bbox 637 1095 713 1173; x_wconf 75' lang='lat' dir='ltr'><em>nive</em></span> <span class='ocrx_word' id='word_1_40' title='bbox 725 1101 836 1173; x_wconf 72' lang='lat' dir='ltr'><em>monui</em></span> <span class='ocrx_word' id='word_1_41' title='bbox 851 1114 947 1178; x_wconf 83' lang='lat' dir='ltr'><em>aquo.</em></span> 
     </span>
     <span class='ocr_line' id='line_1_9' title="bbox 250 1198 1044 1284; baseline 0.006 -25"><span class='ocrx_word' id='word_1_42' title='bbox 250 1198 336 1262; x_wconf 88' lang='lat' dir='ltr'><em>Tunc</em></span> <span class='ocrx_word' id='word_1_43' title='bbox 348 1219 406 1284; x_wconf 77' lang='lat' dir='ltr'><em>ego</em></span> <span class='ocrx_word' id='word_1_44' title='bbox 418 1220 467 1265; x_wconf 87' lang='lat' dir='ltr'><em>me</em></span> <span class='ocrx_word' id='word_1_45' title='bbox 475 1200 620 1283; x_wconf 82' lang='lat' dir='ltr'><em>primum</em></span> <span class='ocrx_word' id='word_1_46' title='bbox 632 1201 713 1284; x_wconf 77' lang='lat' dir='ltr'><em>capi</em></span> <span class='ocrx_word' id='word_1_47' title='bbox 722 1201 846 1266; x_wconf 85' lang='lat' dir='ltr'><em>sentire</em></span> <span class='ocrx_word' id='word_1_48' title='bbox 858 1207 1044 1266; x_wconf 74' lang='lat' dir='ltr'><em>acaum.-</em></span> 
     </span>
     <span class='ocr_line' id='line_1_10' title="bbox 284 1305 1093 1391; baseline 0.006 -24"><span class='ocrx_word' id='word_1_49' title='bbox 284 1305 433 1388; x_wconf 78' lang='lat' dir='ltr'><em>Sanguis</em></span> <span class='ocrx_word' id='word_1_50' title='bbox 444 1313 517 1369; x_wconf 91' lang='lat' dir='ltr'><em>erat</em></span> <span class='ocrx_word' id='word_1_51' title='bbox 530 1307 683 1381; x_wconf 61' lang='lat' dir='ltr'><em>lorraine,</em></span> <span class='ocrx_word' id='word_1_52' title='bbox 700 1328 781 1391; x_wconf 86' lang='lat' dir='ltr'><em>quos</em></span> <span class='ocrx_word' id='word_1_53' title='bbox 794 1308 895 1373; x_wconf 77' lang='lat' dir='ltr'><em>dabat</em></span> <span class='ocrx_word' id='word_1_54' title='bbox 905 1308 974 1382; x_wconf 86' lang='lat' dir='ltr'><em>a&#39;lla,</em></span> <span class='ocrx_word' id='word_1_55' title='bbox 993 1328 1093 1383; x_wconf 78' lang='lat' dir='ltr'><em>mous.</em></span> 
     </span>
     <span class='ocr_line' id='line_1_11' title="bbox 154 1411 1111 1499; baseline 0.002 -22"><span class='ocrx_word' id='word_1_56' title='bbox 154 1411 193 1477; x_wconf 88' lang='lat'><em>60</em></span> <span class='ocrx_word' id='word_1_57' title='bbox 252 1411 281 1473; x_wconf 92' lang='lat' dir='ltr'><em>T</em></span> <span class='ocrx_word' id='word_1_58' title='bbox 275 1433 313 1473; x_wconf 91' lang='lat' dir='ltr'><em>er</em></span> <span class='ocrx_word' id='word_1_59' title='bbox 326 1419 429 1474; x_wconf 89' lang='lat' dir='ltr'><em>tamen</em></span> <span class='ocrx_word' id='word_1_60' title='bbox 442 1413 622 1495; x_wconf 85' lang='lat' dir='ltr'><em>antepedes</em></span> <span class='ocrx_word' id='word_1_61' title='bbox 637 1415 726 1477; x_wconf 85' lang='lat' dir='ltr'><em>volui</em></span> <span class='ocrx_word' id='word_1_62' title='bbox 730 1415 937 1498; x_wconf 83' lang='lat' dir='ltr'><em>procumbere</em></span> <span class='ocrx_word' id='word_1_63' title='bbox 949 1415 1087 1499; x_wconf 84' lang='lat' dir='ltr'><em>supplex</em></span> <span class='ocrx_word' id='word_1_64' title='bbox 1100 1435 1111 1479; x_wconf 91' lang='grc'><em>.·</em></span> 
     </span>
     <span class='ocr_line' id='line_1_12' title="bbox 290 1518 925 1603; baseline 0.008 -24"><span class='ocrx_word' id='word_1_65' title='bbox 290 1518 352 1580; x_wconf 87' lang='lat' dir='ltr'><em>Ter</em></span> <span class='ocrx_word' id='word_1_66' title='bbox 354 1518 556 1602; x_wconf 79' lang='lat' dir='ltr'><em>fiormidatas</em></span> <span class='ocrx_word' id='word_1_67' title='bbox 570 1521 712 1603; x_wconf 78' lang='lat' dir='ltr'><em>reppulit</em></span> <span class='ocrx_word' id='word_1_68' title='bbox 727 1521 787 1586; x_wconf 86' lang='lat' dir='ltr'><em>illa</em></span> <span class='ocrx_word' id='word_1_69' title='bbox 800 1541 925 1595; x_wconf 82' lang='lat' dir='ltr'><em>manns.</em></span> 
     </span>
     <span class='ocr_line' id='line_1_13' title="bbox 246 1624 995 1707; baseline 0.001 -18"><span class='ocrx_word' id='word_1_70' title='bbox 246 1627 291 1689; x_wconf 81' lang='lat' dir='ltr'><em>At</em></span> <span class='ocrx_word' id='word_1_71' title='bbox 304 1633 341 1693; x_wconf 88' lang='lat' dir='ltr'><em>tu</em></span> <span class='ocrx_word' id='word_1_72' title='bbox 355 1645 393 1693; x_wconf 84' lang='lat' dir='ltr'><em>ue</em></span> <span class='ocrx_word' id='word_1_73' title='bbox 405 1624 517 1690; x_wconf 79' lang='lat' dir='ltr'><em>dubita</em></span> <span class='ocrx_word' id='word_1_74' title='bbox 530 1628 669 1706; x_wconf 78' lang='lat' dir='ltr'><em>(minuet</em></span> <span class='ocrx_word' id='word_1_75' title='bbox 682 1627 827 1705; x_wconf 77' lang='lat' dir='ltr'><em>uindicta</em></span> <span class='ocrx_word' id='word_1_76' title='bbox 841 1628 995 1707; x_wconf 82' lang='lat' dir='ltr'><em>dolorem)</em></span> 
     </span>
     <span class='ocr_line' id='line_1_14' title="bbox 284 1714 1092 1819; baseline 0 -23"><span class='ocrx_word' id='word_1_77' title='bbox 284 1733 443 1796; x_wconf 78' lang='lat' dir='ltr'><em>Protinus</em></span> <span class='ocrx_word' id='word_1_78' title='bbox 458 1733 492 1794; x_wconf 89' lang='lat' dir='ltr'><em>in</em></span> <span class='ocrx_word' id='word_1_79' title='bbox 507 1733 617 1796; x_wconf 83' lang='lat' dir='ltr'><em>vultus</em></span> <span class='ocrx_word' id='word_1_80' title='bbox 632 1733 797 1819; x_wconf 77' lang='lat' dir='ltr'><em>unguibus</em></span> <span class='ocrx_word' id='word_1_81' title='bbox 812 1735 863 1798; x_wconf 88' lang='lat' dir='ltr'><em>ire</em></span> <span class='ocrx_word' id='word_1_82' title='bbox 878 1714 958 1796; x_wconf 79' lang='lat' dir='ltr'><em>noeos</em></span> <span class='ocrx_word' id='word_1_83' title='bbox 967 1758 980 1808; x_wconf 82' lang='lat'><em>,·</em></span> <span class='ocrx_word' id='word_1_84' title='bbox 1089 1772 1092 1779; x_wconf 92' lang='lat'>·</span> 
     </span>
     <span class='ocr_line' id='line_1_15' title="bbox 244 1840 1045 1924; baseline 0 -22"><span class='ocrx_word' id='word_1_85' title='bbox 244 1840 313 1903; x_wconf 89' lang='lat' dir='ltr'><em>Nec</em></span> <span class='ocrx_word' id='word_1_86' title='bbox 327 1840 446 1905; x_wconf 84' lang='lat' dir='ltr'><em>nostris</em></span> <span class='ocrx_word' id='word_1_87' title='bbox 459 1840 560 1904; x_wconf 85' lang='lat' dir='ltr'><em>oculis</em></span> <span class='ocrx_word' id='word_1_88' title='bbox 574 1861 629 1904; x_wconf 82' lang='lat' dir='ltr'><em>nac</em></span> <span class='ocrx_word' id='word_1_89' title='bbox 643 1840 765 1904; x_wconf 83' lang='lat' dir='ltr'><em>nostris</em></span> <span class='ocrx_word' id='word_1_90' title='bbox 773 1851 872 1924; x_wconf 86' lang='lat' dir='ltr'><em>parce</em></span> <span class='ocrx_word' id='word_1_91' title='bbox 885 1840 1017 1924; x_wconf 82' lang='lat' dir='ltr'><em>capillis</em></span> <span class='ocrx_word' id='word_1_92' title='bbox 1035 1864 1045 1902; x_wconf 93' lang='grc'><em>.·</em></span> 
     </span>
     <span class='ocr_line' id='line_1_16' title="bbox 153 1946 996 2032; baseline 0.002 -23"><span class='ocrx_word' id='word_1_93' title='bbox 153 1947 192 2024; x_wconf 85' lang='grc'><em>65</em></span> <span class='ocrx_word' id='word_1_94' title='bbox 287 1946 465 2028; x_wconf 80' lang='lat' dir='ltr'><em>Quamlibet</em></span> <span class='ocrx_word' id='word_1_95' title='bbox 479 1946 629 2031; x_wconf 89' lang='lat' dir='ltr'><em>infirmas</em></span> <span class='ocrx_word' id='word_1_96' title='bbox 641 1946 777 2032; x_wconf 82' lang='lat' dir='ltr'><em>adjuvat</em></span> <span class='ocrx_word' id='word_1_97' title='bbox 791 1948 845 2021; x_wconf 81' lang='lat' dir='ltr'><em>ira</em></span> <span class='ocrx_word' id='word_1_98' title='bbox 860 1968 996 2023; x_wconf 81' lang='lat' dir='ltr'><em>manus;</em></span> 
     </span>
     <span class='ocr_line' id='line_1_17' title="bbox 245 2037 1064 2139; baseline -0.002 -22"><span class='ocrx_word' id='word_1_99' title='bbox 245 2055 335 2118; x_wconf 87' lang='lat' dir='ltr'><em>Neve</em></span> <span class='ocrx_word' id='word_1_100' title='bbox 348 2054 413 2117; x_wconf 85' lang='lat' dir='ltr'><em>mei</em></span> <span class='ocrx_word' id='word_1_101' title='bbox 422 2055 554 2120; x_wconf 86' lang='lat' dir='ltr'><em>sceleris</em></span> <span class='ocrx_word' id='word_1_102' title='bbox 567 2061 633 2118; x_wconf 84' lang='lat' dir='ltr'><em>tan</em></span> <span class='ocrx_word' id='word_1_103' title='bbox 646 2055 763 2119; x_wconf 78' lang='lat' dir='ltr'><em>tristia</em></span> <span class='ocrx_word' id='word_1_104' title='bbox 775 2055 876 2139; x_wconf 76' lang='lat' dir='ltr'><em>sa&#39;gua</em></span> <span class='ocrx_word' id='word_1_105' title='bbox 889 2037 1064 2137; x_wconf 70' lang='lat' dir='ltr'><em>supersint,</em></span> 
     </span>
     <span class='ocr_line' id='line_1_18' title="bbox 285 2162 944 2245; baseline -0.002 -20"><span class='ocrx_word' id='word_1_106' title='bbox 285 2162 374 2225; x_wconf 88' lang='lat' dir='ltr'><em>Pone</em></span> <span class='ocrx_word' id='word_1_107' title='bbox 387 2162 608 2245; x_wconf 86' lang='lat' dir='ltr'><em>recompositas</em></span> <span class='ocrx_word' id='word_1_108' title='bbox 623 2162 659 2224; x_wconf 88' lang='lat' dir='ltr'><em>r&#39;n</em></span> <span class='ocrx_word' id='word_1_109' title='bbox 671 2162 804 2226; x_wconf 79' lang='lat' dir='ltr'><em>statione</em></span> <span class='ocrx_word' id='word_1_110' title='bbox 817 2166 944 2225; x_wconf 86' lang='lat' dir='ltr'><em>comas!</em></span> 
     </span>
    </p>
   </div>
   <div class='ocr_carea' id='block_1_4' title="bbox 160 3119 1197 3525">
    <p class='ocr_par' dir='ltr' id='par_1_4' title="bbox 160 3119 1197 3525">
     <span class='ocr_line' id='line_1_19' title="bbox 160 3119 1197 3205; baseline -0.002 -17"><span class='ocrx_word' id='word_1_111' title='bbox 160 3196 162 3200; x_wconf 22' lang='lat'><strong><em>¹</em></strong></span> <span class='ocrx_word' id='word_1_112' title='bbox 354 3135 396 3187; x_wconf 79' lang='lat' dir='ltr'><em>ST</em></span> <span class='ocrx_word' id='word_1_113' title='bbox 410 3122 554 3205; x_wconf 75' lang='lat' dir='ltr'><em>quaedam</em></span> <span class='ocrx_word' id='word_1_114' title='bbox 570 3122 773 3205; x_wconf 85' lang='lat' dir='ltr'><em>(qua&#39;aumque</em></span> <span class='ocrx_word' id='word_1_115' title='bbox 786 3122 868 3184; x_wconf 85' lang='lat' dir='ltr'><em>uolet</em></span> <span class='ocrx_word' id='word_1_116' title='bbox 882 3138 1065 3204; x_wconf 73' lang='lat' dir='ltr'><em>cognoscere</em></span> <span class='ocrx_word' id='word_1_117' title='bbox 1080 3119 1197 3193; x_wconf 79' lang='lat' dir='ltr'><em>lenam,</em></span> 
     </span>
     <span class='ocr_line' id='line_1_20' title="bbox 211 3136 1139 3414; baseline -0.005 -121"><span class='ocrx_word' id='word_1_118' title='bbox 211 3136 345 3414; x_wconf 45' lang='lat' dir='ltr'><em>Q</em></span> <span class='ocrx_word' id='word_1_119' title='bbox 373 3229 535 3309; x_wconf 73' lang='lat' dir='ltr'><em>Audiuit)</em></span> <span class='ocrx_word' id='word_1_120' title='bbox 549 3237 597 3292; x_wconf 88' lang='lat' dir='ltr'><em>est</em></span> <span class='ocrx_word' id='word_1_121' title='bbox 610 3229 754 3312; x_wconf 66' lang='lat' dir='ltr'><em>quadam</em></span> <span class='ocrx_word' id='word_1_122' title='bbox 769 3229 892 3291; x_wconf 81' lang='lat' dir='ltr'><em>nomine</em></span> <span class='ocrx_word' id='word_1_123' title='bbox 910 3228 1033 3310; x_wconf 87' lang='lat' dir='ltr'><em>Dipsas</em></span> <span class='ocrx_word' id='word_1_124' title='bbox 1045 3246 1139 3289; x_wconf 86' lang='lat' dir='ltr'><em>anus.</em></span> 
     </span>
     <span class='ocr_line' id='line_1_21' title="bbox 353 3334 1158 3417; baseline -0.004 -18"><span class='ocrx_word' id='word_1_125' title='bbox 353 3338 411 3400; x_wconf 89' lang='lat' dir='ltr'><em>Ex</em></span> <span class='ocrx_word' id='word_1_126' title='bbox 426 3358 461 3398; x_wconf 88' lang='lat' dir='ltr'><em>re</em></span> <span class='ocrx_word' id='word_1_127' title='bbox 477 3356 584 3398; x_wconf 87' lang='lat' dir='ltr'><em>nornen</em></span> <span class='ocrx_word' id='word_1_128' title='bbox 598 3336 690 3398; x_wconf 84' lang='lat' dir='ltr'><em>habet</em></span> <span class='ocrx_word' id='word_1_129' title='bbox 704 3362 714 3399; x_wconf 95' lang='lat'><em>:</em></span> <span class='ocrx_word' id='word_1_130' title='bbox 730 3335 829 3417; x_wconf 75' lang='lat' dir='ltr'><em>nigri</em></span> <span class='ocrx_word' id='word_1_131' title='bbox 840 3356 900 3398; x_wconf 88' lang='lat' dir='ltr'><em>nou</em></span> <span class='ocrx_word' id='word_1_132' title='bbox 917 3334 977 3397; x_wconf 86' lang='lat' dir='ltr'><em>illa</em></span> <span class='ocrx_word' id='word_1_133' title='bbox 987 3339 1158 3416; x_wconf 87' lang='lat' dir='ltr'><em>parentem</em></span> 
     </span>
     <span class='ocr_line' id='line_1_22' title="bbox 288 3442 964 3525; baseline -0.003 -21"><span class='ocrx_word' id='word_1_134' title='bbox 288 3442 467 3506; x_wconf 87' lang='lat' dir='ltr'><em>Memnonis</em></span> <span class='ocrx_word' id='word_1_135' title='bbox 481 3443 516 3504; x_wconf 94' lang='lat' dir='ltr'><em>in</em></span> <span class='ocrx_word' id='word_1_136' title='bbox 531 3443 630 3505; x_wconf 88' lang='lat' dir='ltr'><em>roseis</em></span> <span class='ocrx_word' id='word_1_137' title='bbox 643 3442 749 3506; x_wconf 86' lang='lat' dir='ltr'><em>sobria</em></span> <span class='ocrx_word' id='word_1_138' title='bbox 765 3442 851 3504; x_wconf 69' lang='lat' dir='ltr'><em>vadat</em></span> <span class='ocrx_word' id='word_1_139' title='bbox 864 3443 964 3525; x_wconf 85' lang='lat' dir='ltr'><em>equis.</em></span> 
     </span>
    </p>
   </div>
   <div class='ocr_carea' id='block_1_5' title="bbox 178 3549 1036 3741">
    <p class='ocr_par' dir='ltr' id='par_1_5' title="bbox 178 3549 1036 3741">
     <span class='ocr_line' id='line_1_23' title="bbox 178 3549 1030 3634; baseline -0.002 -23"><span class='ocrx_word' id='word_1_140' title='bbox 178 3564 196 3629; x_wconf 81' lang='lat'><strong>5</strong></span> <span class='ocrx_word' id='word_1_141' title='bbox 249 3550 314 3612; x_wconf 91' lang='lat' dir='ltr'><em>Illa</em></span> <span class='ocrx_word' id='word_1_142' title='bbox 328 3571 440 3634; x_wconf 76' lang='lat' dir='ltr'><em>magas</em></span> <span class='ocrx_word' id='word_1_143' title='bbox 454 3557 542 3613; x_wconf 87' lang='lat' dir='ltr'><em>artes</em></span> <span class='ocrx_word' id='word_1_144' title='bbox 555 3550 714 3631; x_wconf 78' lang='lat' dir='ltr'><em>AEoraquo</em></span> <span class='ocrx_word' id='word_1_145' title='bbox 727 3549 873 3612; x_wconf 87' lang='lat' dir='ltr'><em>carmina</em></span> <span class='ocrx_word' id='word_1_146' title='bbox 888 3549 984 3622; x_wconf 84' lang='lat' dir='ltr'><em>novat,</em></span> <span class='ocrx_word' id='word_1_147' title='bbox 1027 3552 1030 3558; x_wconf 89' lang='lat'>&#39;</span> 
     </span>
     <span class='ocr_line' id='line_1_24' title="bbox 288 3655 1036 3741; baseline -0.007 -22"><span class='ocrx_word' id='word_1_148' title='bbox 288 3655 389 3739; x_wconf 87' lang='lat' dir='ltr'><em>Inque</em></span> <span class='ocrx_word' id='word_1_149' title='bbox 401 3663 495 3741; x_wconf 86' lang='lat' dir='ltr'><em>caput</em></span> <span class='ocrx_word' id='word_1_150' title='bbox 509 3656 651 3739; x_wconf 87' lang='lat' dir='ltr'><em>liquidas</em></span> <span class='ocrx_word' id='word_1_151' title='bbox 664 3662 735 3719; x_wconf 89' lang='lat' dir='ltr'><em>arte</em></span> <span class='ocrx_word' id='word_1_152' title='bbox 749 3660 902 3718; x_wconf 79' lang='lat' dir='ltr'><em>recurvat</em></span> <span class='ocrx_word' id='word_1_153' title='bbox 915 3673 1015 3736; x_wconf 85' lang='lat' dir='ltr'><em>aquas</em></span> <span class='ocrx_word' id='word_1_154' title='bbox 1023 3678 1036 3726; x_wconf 84' lang='lat'><em>,-</em></span> 
     </span>
    </p>
   </div>
   <div class='ocr_carea' id='block_1_6' title="bbox 0 0 1328 4470">
    <p class='ocr_par' dir='ltr' id='par_1_6' title="bbox 0 0 1328 4470">
     <span class='ocr_line' id='line_1_25' title="bbox 0 0 1328 4470; baseline 0 0"><span class='ocrx_word' id='word_1_155' title='bbox 0 0 1328 4470; x_wconf 95' lang='lat' dir='ltr'><em> </em></span> 
     </span>
    </p>
   </div>
  </div>
 </body>
</html>
