2648 4470
176 337 231 401 194
577 336 678 385 LIBER
700 335 850 386 TERTIUS

212 590 284 669 Qua
299 593 434 650 ventura
449 588 508 651 dea
522 595 578 662 est,
591 589 732 671 juvenes
748 588 933 672 timidaeque
941 591 1064 673 puellm

250 695 484 758 Prcesternunt
497 696 581 758 latas
594 702 680 759 veste
687 695 816 779 jacente
830 697 901 759 aeas
915 717 925 758 .·

118 814 160 878 25
219 800 376 885 Virginei
385 803 492 864 crines
505 823 585 866 auro
594 821 783 886 gemmaque
792 810 999 886 premuntur,

250 909 299 972 Et
312 909 396 991 tegit
409 916 540 972 auratos
548 910 643 992 palla
656 909 794 992 superba
801 909 899 993 pedes
914 931 925 985 ;

211 1013 305 1077 More
312 1021 447 1098 patrum
462 1015 564 1079 Graio
577 1017 689 1079 velatae
703 1014 841 1078 vestibus
856 1015 947 1088 albis,

256 1119 393 1182 Tradita
407 1120 562 1204 supposito
576 1121 697 1183 vertice
709 1121 939 1202 sacraferurd.

213 1225 280 1288 Ore
283 1224 403 1305 faveat
409 1225 510 1308 popul
511 1227 527 1288 ι’
536 1231 612 1289 tum
623 1248 693 1290 cum
707 1230 797 1291 venit
810 1248 909 1292 aurea
918 1238 1041 1312 pompa,

41 1365 44 1370 ·
119 1351 158 1415 30
249 1330 322 1414 Ipsa
335 1331 513 1394 sacerdotes
525 1331 792 1416 subseqm'tarque
805 1355 891 1399 suas.

210 1437 342 1521 Argaea
356 1443 403 1500 est
411 1438 643 1521 pompaefacies
658 1466 669 1503 .·
685 1442 920 1524 Agamemnone
934 1463 1019 1515 caeso,

250 1542 297 1606 Et
309 1544 412 1606 scelus
425 1552 456 1607 et
465 1545 597 1626 patrias
600 1545 701 1629 fugit
714 1548 866 1611 Holaesus
880 1559 959 1631 opes,

210 1650 352 1732 Jamque
360 1652 547 1732 pererratis
555 1652 719 1735 profugus
734 1654 1043 1738 terraquefretoque

251 1756 370 1819 Mania
375 1757 481 1838 felici
490 1758 633 1821 condidit
645 1759 715 1823 alta
729 1781 826 1822 manu
835 1786 848 1835 ,-

116 1880 155 1948 35
208 1862 271 1926 Ille
282 1883 355 1926 socos
368 1863 475 1926 docuit
489 1864 636 1944 Junonc'a
650 1887 745 1930 sacra
757 1867 907 1930 Faliscos
921 1888 932 1930 .·

248 1968 329 2033 Sint
342 1970 433 2044 mihi,
450 1971 519 2034 sint
529 1972 642 2054 populo
655 1983 779 2057 semper
793 1974 896 2037 ama'ca
909 1983 987 2038 suo!

309 2945 358 2996 ΟΝ
372 2953 430 3016 ego
444 2953 483 2995 ne
491 2943 607 3016 pecces,
625 2954 695 2997 cum
708 2934 756 2996 sis
760 2933 915 3014 formosa,
934 2952 1049 3005 recuso,

167 2932 305 3220 Q
327 3040 396 3105 Sed
407 3061 445 3102 ne
458 3041 504 3103 sit
517 3041 634 3103 misero
646 3041 733 3104 scire
747 3061 868 3103 necesse
881 3039 966 3103 mihi
975 3065 987 3113 ,·

308 3148 377 3211 Nec
391 3154 421 3210 te
434 3153 543 3210 nostra
549 3147 643 3230 jabet
647 3147 735 3230 fieri
745 3167 879 3210 censura
888 3145 1049 3229 pudicam,

245 3254 314 3319 Sed
325 3260 429 3317 tamen
444 3260 479 3317 ut
492 3261 593 3317 tentes
605 3253 816 3317 disscmulare
830 3259 936 3336 rogat.

133 3377 151 3442 5
205 3361 280 3424 Non
290 3367 408 3445 peceat,
423 3380 622 3444 quecumque
629 3365 731 3444 potest
738 3371 884 3444 peccasse
898 3377 1029 3443 negare,

244 3468 382 3551 Solaque
384 3468 545 3548 famosam
559 3468 651 3551 culpa
658 3466 911 3551 proffessafacc't.

205 3575 398 3656 Quc'sfaror
410 3582 468 3648 est,
486 3595 558 3657 quae
571 3580 656 3637 nocte
670 3576 778 3647 latent,
798 3571 1040 3653 c'a'lucefaterc‘,

243 3680 298 3756 Et,
316 3702 386 3765 quae
398 3682 482 3745 clam
487 3681 606 3760 fiacias,
614 3681 711 3762 facta
724 3681 852 3764 referre
861 3680 997 3763 palam?
