<?xml version="1.0" encoding="UTF-8"?>
<!DOCTYPE html PUBLIC "-//W3C//DTD XHTML 1.0 Transitional//EN"
    "http://www.w3.org/TR/xhtml1/DTD/xhtml1-transitional.dtd">
<html xmlns="http://www.w3.org/1999/xhtml" xml:lang="en" lang="en">
 <head>
  <title>
</title>
<meta http-equiv="Content-Type" content="text/html;charset=utf-8" />
  <meta name='ocr-system' content='tesseract 3.04.00' />
  <meta name='ocr-capabilities' content='ocr_page ocr_carea ocr_par ocr_line ocrx_word'/>
</head>
<body>
  <div class='ocr_page' id='page_1' title='image "./povidiinasonisa00ovidgoog_0219.png"; bbox 0 0 2648 4470; ppageno 0'>
   <div class='ocr_carea' id='block_1_1' title="bbox 570 304 837 355">
    <p class='ocr_par' dir='ltr' id='par_1_1' title="bbox 570 304 837 355">
     <span class='ocr_line' id='line_1_1' title="bbox 570 304 837 355; baseline 0.007 -2"><span class='ocrx_word' id='word_1_1' title='bbox 570 304 670 354; x_wconf 83' lang='lat' dir='ltr'>LIBER</span> <span class='ocrx_word' id='word_1_2' title='bbox 688 305 837 355; x_wconf 86' lang='lat' dir='ltr'>TERTIUS</span> 
     </span>
    </p>
   </div>
   <div class='ocr_carea' id='block_1_2' title="bbox 126 1411 1184 3735">
    <p class='ocr_par' dir='ltr' id='par_1_2' title="bbox 126 1411 1184 3735">
     <span class='ocr_line' id='line_1_2' title="bbox 315 1411 1075 1501; baseline 0.007 -29"><span class='ocrx_word' id='word_1_3' title='bbox 315 1423 337 1472; x_wconf 85' lang='lat' dir='ltr'>T</span> <span class='ocrx_word' id='word_1_4' title='bbox 350 1431 410 1473; x_wconf 89' lang='lat' dir='ltr'><em>nan</em></span> <span class='ocrx_word' id='word_1_5' title='bbox 414 1411 559 1492; x_wconf 81' lang='lat' dir='ltr'><em>formosa</em></span> <span class='ocrx_word' id='word_1_6' title='bbox 574 1418 632 1485; x_wconf 82' lang='lat' dir='ltr'><em>est,</em></span> <span class='ocrx_word' id='word_1_7' title='bbox 648 1417 684 1474; x_wconf 85' lang='lat' dir='ltr'><em>at</em></span> <span class='ocrx_word' id='word_1_8' title='bbox 697 1411 844 1501; x_wconf 25' lang='lat' dir='ltr'><em>nonlbene</em></span> <span class='ocrx_word' id='word_1_9' title='bbox 858 1414 943 1476; x_wconf 84' lang='lat' dir='ltr'><em>culta</em></span> <span class='ocrx_word' id='word_1_10' title='bbox 952 1416 1075 1498; x_wconf 84' lang='lat' dir='ltr'><em>puella,</em></span> 
     </span>
     <span class='ocr_line' id='line_1_3' title="bbox 172 1419 976 1698; baseline 0.004 -118"><span class='ocrx_word' id='word_1_11' title='bbox 172 1419 309 1698; x_wconf 40' lang='lat' dir='ltr'><em>Q</em></span> <span class='ocrx_word' id='word_1_12' title='bbox 332 1519 388 1593; x_wconf 80' lang='lat' dir='ltr'><em>At,</em></span> <span class='ocrx_word' id='word_1_13' title='bbox 397 1525 483 1600; x_wconf 41' lang='lat' dir='ltr'><em>puto!</em></span> <span class='ocrx_word' id='word_1_14' title='bbox 503 1539 562 1580; x_wconf 87' lang='lat' dir='ltr'><em>non</em></span> <span class='ocrx_word' id='word_1_15' title='bbox 577 1521 658 1583; x_wconf 84' lang='lat' dir='ltr'><em>vatis</em></span> <span class='ocrx_word' id='word_1_16' title='bbox 671 1530 752 1603; x_wconf 80' lang='lat' dir='ltr'><em>scepe</em></span> <span class='ocrx_word' id='word_1_17' title='bbox 761 1521 866 1603; x_wconf 81' lang='lat' dir='ltr'><em>petita</em></span> <span class='ocrx_word' id='word_1_18' title='bbox 881 1522 976 1584; x_wconf 86' lang='lat' dir='ltr'><em>meis!</em></span> 
     </span>
     <span class='ocr_line' id='line_1_4' title="bbox 312 1624 1184 1711; baseline 0.003 -25"><span class='ocrx_word' id='word_1_19' title='bbox 312 1624 408 1687; x_wconf 92' lang='lat' dir='ltr'><em>Hanc</em></span> <span class='ocrx_word' id='word_1_20' title='bbox 421 1630 524 1687; x_wconf 81' lang='lat' dir='ltr'><em>tamen</em></span> <span class='ocrx_word' id='word_1_21' title='bbox 540 1625 573 1686; x_wconf 93' lang='lat' dir='ltr'><em>in</em></span> <span class='ocrx_word' id='word_1_22' title='bbox 588 1627 691 1688; x_wconf 87' lang='lat' dir='ltr'><em>nullas</em></span> <span class='ocrx_word' id='word_1_23' title='bbox 705 1627 798 1688; x_wconf 85' lang='lat' dir='ltr'><em>tenni</em></span> <span class='ocrx_word' id='word_1_24' title='bbox 808 1627 890 1690; x_wconf 87' lang='lat' dir='ltr'><em>male</em></span> <span class='ocrx_word' id='word_1_25' title='bbox 905 1626 1084 1711; x_wconf 82' lang='lat' dir='ltr'><em>languidus</em></span> <span class='ocrx_word' id='word_1_26' title='bbox 1100 1647 1184 1700; x_wconf 88' lang='lat' dir='ltr'><em>usus,</em></span> 
     </span>
     <span class='ocr_line' id='line_1_5' title="bbox 232 1706 901 1817; baseline 0.006 -25"><span class='ocrx_word' id='word_1_27' title='bbox 232 1706 235 1725; x_wconf 40' lang='grc' dir='ltr'>Ι</span> <span class='ocrx_word' id='word_1_28' title='bbox 250 1731 321 1793; x_wconf 88' lang='lat' dir='ltr'><em>Sed</em></span> <span class='ocrx_word' id='word_1_29' title='bbox 323 1730 421 1814; x_wconf 86' lang='lat' dir='ltr'><em>jacui</em></span> <span class='ocrx_word' id='word_1_30' title='bbox 424 1731 527 1815; x_wconf 78' lang='lat' dir='ltr'><em>pigno</em></span> <span class='ocrx_word' id='word_1_31' title='bbox 540 1732 662 1794; x_wconf 82' lang='lat' dir='ltr'><em>crimen</em></span> <span class='ocrx_word' id='word_1_32' title='bbox 677 1753 813 1817; x_wconf 84' lang='lat' dir='ltr'><em>anusque</em></span> <span class='ocrx_word' id='word_1_33' title='bbox 826 1740 901 1809; x_wconf 85' lang='lat' dir='ltr'><em>toro,</em></span> 
     </span>
     <span class='ocr_line' id='line_1_6' title="bbox 139 1838 967 1923; baseline 0.002 -22"><span class='ocrx_word' id='word_1_34' title='bbox 139 1854 156 1917; x_wconf 87' lang='lat'>5</span> <span class='ocrx_word' id='word_1_35' title='bbox 211 1839 281 1901; x_wconf 91' lang='lat' dir='ltr'><em>Nec</em></span> <span class='ocrx_word' id='word_1_36' title='bbox 290 1838 385 1922; x_wconf 83' lang='lat' dir='ltr'><em>patui</em></span> <span class='ocrx_word' id='word_1_37' title='bbox 395 1839 532 1921; x_wconf 86' lang='lat' dir='ltr'><em>cupiens,</em></span> <span class='ocrx_word' id='word_1_38' title='bbox 544 1839 677 1922; x_wconf 81' lang='lat' dir='ltr'><em>pariter</em></span> <span class='ocrx_word' id='word_1_39' title='bbox 689 1841 834 1922; x_wconf 82' lang='lat' dir='ltr'><em>cupiente</em></span> <span class='ocrx_word' id='word_1_40' title='bbox 842 1841 967 1923; x_wconf 83' lang='lat' dir='ltr'><em>puella,</em></span> 
     </span>
     <span class='ocr_line' id='line_1_7' title="bbox 251 1943 857 2029; baseline 0.005 -22"><span class='ocrx_word' id='word_1_41' title='bbox 251 1944 405 2028; x_wconf 78' lang='lat' dir='ltr'><em>Inguinis</em></span> <span class='ocrx_word' id='word_1_42' title='bbox 418 1943 508 2028; x_wconf 81' lang='lat' dir='ltr'><em>effeti</em></span> <span class='ocrx_word' id='word_1_43' title='bbox 511 1952 611 2029; x_wconf 81' lang='lat' dir='ltr'><em>parte</em></span> <span class='ocrx_word' id='word_1_44' title='bbox 616 1945 761 2028; x_wconf 77' lang='lat' dir='ltr'><em>juvante</em></span> <span class='ocrx_word' id='word_1_45' title='bbox 764 1947 857 2028; x_wconf 87' lang='lat' dir='ltr'><em>frui.</em></span> 
     </span>
     <span class='ocr_line' id='line_1_8' title="bbox 211 2047 936 2135; baseline 0.003 -21"><span class='ocrx_word' id='word_1_46' title='bbox 211 2052 278 2114; x_wconf 91' lang='lat' dir='ltr'><em>llla</em></span> <span class='ocrx_word' id='word_1_47' title='bbox 291 2047 419 2135; x_wconf 81' lang='lat' dir='ltr'><em>quidem</em></span> <span class='ocrx_word' id='word_1_48' title='bbox 433 2059 540 2114; x_wconf 80' lang='lat' dir='ltr'><em>nostro</em></span> <span class='ocrx_word' id='word_1_49' title='bbox 553 2052 693 2135; x_wconf 81' lang='lat' dir='ltr'><em>subjecit</em></span> <span class='ocrx_word' id='word_1_50' title='bbox 705 2053 843 2118; x_wconf 87' lang='lat' dir='ltr'><em>eburnea</em></span> <span class='ocrx_word' id='word_1_51' title='bbox 857 2055 936 2117; x_wconf 87' lang='lat' dir='ltr'><em>calla</em></span> 
     </span>
     <span class='ocr_line' id='line_1_9' title="bbox 251 2158 878 2235; baseline 0.005 -16"><span class='ocrx_word' id='word_1_52' title='bbox 251 2158 408 2235; x_wconf 80' lang='lat' dir='ltr'><em>Brachia,</em></span> <span class='ocrx_word' id='word_1_53' title='bbox 424 2158 575 2222; x_wconf 80' lang='lat' dir='ltr'><em>Sithonia</em></span> <span class='ocrx_word' id='word_1_54' title='bbox 589 2159 778 2223; x_wconf 80' lang='lat' dir='ltr'><em>candidiora</em></span> <span class='ocrx_word' id='word_1_55' title='bbox 794 2160 878 2234; x_wconf 83' lang='lat' dir='ltr'><em>nive,</em></span> 
     </span>
     <span class='ocr_line' id='line_1_10' title="bbox 216 2263 999 2350; baseline 0.003 -24"><span class='ocrx_word' id='word_1_56' title='bbox 216 2263 396 2348; x_wconf 85' lang='lat' dir='ltr'><em>Osculaque</em></span> <span class='ocrx_word' id='word_1_57' title='bbox 410 2266 550 2328; x_wconf 85' lang='lat' dir='ltr'><em>inseruit</em></span> <span class='ocrx_word' id='word_1_58' title='bbox 563 2266 676 2350; x_wconf 84' lang='lat' dir='ltr'><em>cupide</em></span> <span class='ocrx_word' id='word_1_59' title='bbox 689 2267 847 2329; x_wconf 78' lang='lat' dir='ltr'><em>luctantia</em></span> <span class='ocrx_word' id='word_1_60' title='bbox 863 2266 999 2350; x_wconf 78' lang='lat' dir='ltr'><em>linguis,</em></span> 
     </span>
     <span class='ocr_line' id='line_1_11' title="bbox 127 2370 917 2456; baseline 0.004 -24"><span class='ocrx_word' id='word_1_61' title='bbox 127 2390 162 2434; x_wconf 92' lang='lat'><em>10</em></span> <span class='ocrx_word' id='word_1_62' title='bbox 254 2370 425 2434; x_wconf 85' lang='lat' dir='ltr'><em>Lascivam</em></span> <span class='ocrx_word' id='word_1_63' title='bbox 429 2370 557 2451; x_wconf 88' lang='lat' dir='ltr'><em>femori</em></span> <span class='ocrx_word' id='word_1_64' title='bbox 567 2373 789 2456; x_wconf 83' lang='lat' dir='ltr'><em>supposuitque</em></span> <span class='ocrx_word' id='word_1_65' title='bbox 792 2372 917 2450; x_wconf 85' lang='lat' dir='ltr'><em>femur,</em></span> 
     </span>
     <span class='ocr_line' id='line_1_12' title="bbox 215 2477 1047 2561; baseline 0.005 -23"><span class='ocrx_word' id='word_1_66' title='bbox 215 2477 248 2538; x_wconf 88' lang='lat' dir='ltr'><em>E</em></span> <span class='ocrx_word' id='word_1_67' title='bbox 249 2483 264 2539; x_wconf 74' lang='grc' dir='ltr'><em>ί</em></span> <span class='ocrx_word' id='word_1_68' title='bbox 277 2477 361 2538; x_wconf 83' lang='lat' dir='ltr'><em>mc&#39;ln&#39;</em></span> <span class='ocrx_word' id='word_1_69' title='bbox 373 2477 549 2540; x_wconf 81' lang='lat' dir='ltr'><em>blanditias</em></span> <span class='ocrx_word' id='word_1_70' title='bbox 563 2478 661 2556; x_wconf 55' lang='lat' dir='ltr'><em>dcccci,</em></span> <span class='ocrx_word' id='word_1_71' title='bbox 679 2480 900 2561; x_wconf 82' lang='lat' dir='ltr'><em>dominumque</em></span> <span class='ocrx_word' id='word_1_72' title='bbox 915 2480 1047 2556; x_wconf 64' lang='lat' dir='ltr'><em>vacanti,</em></span> 
     </span>
     <span class='ocr_line' id='line_1_13' title="bbox 255 2581 947 2671; baseline 0.012 -27"><span class='ocrx_word' id='word_1_73' title='bbox 255 2581 303 2644; x_wconf 85' lang='lat' dir='ltr'><em>Et</em></span> <span class='ocrx_word' id='word_1_74' title='bbox 315 2604 385 2666; x_wconf 78' lang='lat' dir='ltr'><em>qnae</em></span> <span class='ocrx_word' id='word_1_75' title='bbox 393 2591 555 2666; x_wconf 72' lang='lat' dir='ltr'><em>praterea</em></span> <span class='ocrx_word' id='word_1_76' title='bbox 568 2586 697 2668; x_wconf 82' lang='lat' dir='ltr'><em>publica</em></span> <span class='ocrx_word' id='word_1_77' title='bbox 712 2586 807 2649; x_wconf 84' lang='lat' dir='ltr'><em>verba</em></span> <span class='ocrx_word' id='word_1_78' title='bbox 814 2585 947 2671; x_wconf 82' lang='lat' dir='ltr'><em>juvant.</em></span> 
     </span>
     <span class='ocr_line' id='line_1_14' title="bbox 220 2690 1038 2774; baseline 0.002 -21"><span class='ocrx_word' id='word_1_79' title='bbox 220 2690 316 2753; x_wconf 79' lang='lat' dir='ltr'><em>Tacta</em></span> <span class='ocrx_word' id='word_1_80' title='bbox 330 2696 434 2752; x_wconf 84' lang='lat' dir='ltr'><em>tamen</em></span> <span class='ocrx_word' id='word_1_81' title='bbox 449 2692 553 2753; x_wconf 83' lang='lat' dir='ltr'><em>veluti</em></span> <span class='ocrx_word' id='word_1_82' title='bbox 560 2692 676 2774; x_wconf 73' lang='lat' dir='ltr'><em>gelida</em></span> <span class='ocrx_word' id='word_1_83' title='bbox 691 2714 758 2756; x_wconf 84' lang='lat' dir='ltr'><em>rnea</em></span> <span class='ocrx_word' id='word_1_84' title='bbox 773 2693 912 2757; x_wconf 84' lang='lat' dir='ltr'><em>membra</em></span> <span class='ocrx_word' id='word_1_85' title='bbox 926 2695 1038 2767; x_wconf 74' lang='lat' dir='ltr'><em>cicuta,</em></span> 
     </span>
     <span class='ocr_line' id='line_1_15' title="bbox 255 2797 914 2882; baseline 0.005 -23"><span class='ocrx_word' id='word_1_86' title='bbox 255 2797 379 2880; x_wconf 81' lang='lat' dir='ltr'><em>Segnia</em></span> <span class='ocrx_word' id='word_1_87' title='bbox 388 2800 586 2882; x_wconf 84' lang='lat' dir='ltr'><em>propositum</em></span> <span class='ocrx_word' id='word_1_88' title='bbox 601 2799 776 2863; x_wconf 66' lang='lat' dir='ltr'><em>destrinere</em></span> <span class='ocrx_word' id='word_1_89' title='bbox 791 2822 914 2875; x_wconf 79' lang='lat' dir='ltr'><em>meam,-</em></span> 
     </span>
     <span class='ocr_line' id='line_1_16' title="bbox 129 2904 1035 2990; baseline 0.002 -23"><span class='ocrx_word' id='word_1_90' title='bbox 129 2920 162 2983; x_wconf 87' lang='lat'><em>15</em></span> <span class='ocrx_word' id='word_1_91' title='bbox 221 2904 248 2967; x_wconf 88' lang='lat' dir='ltr'><em>T</em></span> <span class='ocrx_word' id='word_1_92' title='bbox 246 2924 365 2966; x_wconf 88' lang='lat' dir='ltr'><em>rnncus</em></span> <span class='ocrx_word' id='word_1_93' title='bbox 379 2906 468 2968; x_wconf 89' lang='lat' dir='ltr'><em>iners</em></span> <span class='ocrx_word' id='word_1_94' title='bbox 474 2906 581 2987; x_wconf 86' lang='lat' dir='ltr'><em>jacui,</em></span> <span class='ocrx_word' id='word_1_95' title='bbox 599 2908 716 2990; x_wconf 82' lang='lat' dir='ltr'><em>species&#39;</em></span> <span class='ocrx_word' id='word_1_96' title='bbox 728 2913 759 2970; x_wconf 83' lang='lat' dir='ltr'><em>et</em></span> <span class='ocrx_word' id='word_1_97' title='bbox 774 2908 892 2970; x_wconf 77' lang='lat' dir='ltr'><em>inutile</em></span> <span class='ocrx_word' id='word_1_98' title='bbox 902 2907 1035 2988; x_wconf 80' lang='lat' dir='ltr'><em>pondus,</em></span> 
     </span>
     <span class='ocr_line' id='line_1_17' title="bbox 256 3013 970 3097; baseline 0.007 -22"><span class='ocrx_word' id='word_1_99' title='bbox 256 3013 291 3075; x_wconf 91' lang='lat' dir='ltr'><em>E</em></span> <span class='ocrx_word' id='word_1_100' title='bbox 292 3017 304 3072; x_wconf 83' lang='lat' dir='ltr'><em>t</em></span> <span class='ocrx_word' id='word_1_101' title='bbox 318 3033 377 3074; x_wconf 87' lang='lat' dir='ltr'><em>non</em></span> <span class='ocrx_word' id='word_1_102' title='bbox 391 3018 536 3076; x_wconf 83' lang='lat' dir='ltr'><em>exactum</em></span> <span class='ocrx_word' id='word_1_103' title='bbox 550 3024 662 3097; x_wconf 83' lang='lat' dir='ltr'><em>corpus</em></span> <span class='ocrx_word' id='word_1_104' title='bbox 676 3037 717 3076; x_wconf 92' lang='lat' dir='ltr'><em>an</em></span> <span class='ocrx_word' id='word_1_105' title='bbox 732 3014 970 3096; x_wconf 84' lang='lat' dir='ltr'><em>umbraforem.</em></span> 
     </span>
     <span class='ocr_line' id='line_1_18' title="bbox 219 3119 1139 3204; baseline 0.004 -26"><span class='ocrx_word' id='word_1_106' title='bbox 219 3119 300 3198; x_wconf 80' lang='lat' dir='ltr'><em>ane</em></span> <span class='ocrx_word' id='word_1_107' title='bbox 313 3119 398 3181; x_wconf 85' lang='lat' dir='ltr'><em>rniln&#39;</em></span> <span class='ocrx_word' id='word_1_108' title='bbox 409 3126 543 3183; x_wconf 82' lang='lat' dir='ltr'><em>ventura</em></span> <span class='ocrx_word' id='word_1_109' title='bbox 557 3128 615 3196; x_wconf 82' lang='lat' dir='ltr'><em>est,</em></span> <span class='ocrx_word' id='word_1_110' title='bbox 631 3121 665 3182; x_wconf 86' lang='lat' dir='ltr'><em>si</em></span> <span class='ocrx_word' id='word_1_111' title='bbox 677 3121 804 3204; x_wconf 81' lang='lat' dir='ltr'><em>quidem</em></span> <span class='ocrx_word' id='word_1_112' title='bbox 820 3128 968 3197; x_wconf 83' lang='lat' dir='ltr'><em>ventura,</em></span> <span class='ocrx_word' id='word_1_113' title='bbox 985 3128 1139 3193; x_wconf 80' lang='lat' dir='ltr'><em>senectus,</em></span> 
     </span>
     <span class='ocr_line' id='line_1_19' title="bbox 264 3226 943 3311; baseline 0.001 -22"><span class='ocrx_word' id='word_1_114' title='bbox 264 3226 291 3289; x_wconf 90' lang='lat' dir='ltr'><em>C</em></span> <span class='ocrx_word' id='word_1_115' title='bbox 291 3247 343 3286; x_wconf 92' lang='lat' dir='ltr'><em>nm</em></span> <span class='ocrx_word' id='word_1_116' title='bbox 358 3226 442 3288; x_wconf 62' lang='lat' dir='ltr'><em>desei</em></span> <span class='ocrx_word' id='word_1_117' title='bbox 456 3228 600 3289; x_wconf 90' lang='lat' dir='ltr'><em>numeris</em></span> <span class='ocrx_word' id='word_1_118' title='bbox 615 3229 683 3311; x_wconf 80' lang='lat' dir='ltr'><em>ipsa</em></span> <span class='ocrx_word' id='word_1_119' title='bbox 690 3228 831 3310; x_wconf 81' lang='lat' dir='ltr'><em>juventa</em></span> <span class='ocrx_word' id='word_1_120' title='bbox 844 3228 943 3290; x_wconf 84' lang='lat' dir='ltr'><em>sais?</em></span> 
     </span>
     <span class='ocr_line' id='line_1_20' title="bbox 218 3322 1164 3418; baseline 0.001 -24"><span class='ocrx_word' id='word_1_121' title='bbox 218 3331 291 3396; x_wconf 80' lang='lat' dir='ltr'><em>Ah!</em></span> <span class='ocrx_word' id='word_1_122' title='bbox 299 3333 400 3416; x_wconf 80' lang='lat' dir='ltr'><em>pudet</em></span> <span class='ocrx_word' id='word_1_123' title='bbox 413 3355 577 3406; x_wconf 81' lang='lat' dir='ltr'><em>annornm,</em></span> <span class='ocrx_word' id='word_1_124' title='bbox 596 3322 682 3416; x_wconf 67' lang='lat' dir='ltr'><em>qnod</em></span> <span class='ocrx_word' id='word_1_125' title='bbox 693 3356 751 3411; x_wconf 90' lang='lat' dir='ltr'><em>me,</em></span> <span class='ocrx_word' id='word_1_126' title='bbox 760 3335 974 3418; x_wconf 86' lang='lat' dir='ltr'><em>juvenemque</em></span> <span class='ocrx_word' id='word_1_127' title='bbox 988 3336 1164 3416; x_wconf 84' lang='lat' dir='ltr'><em>virumque,</em></span> 
     </span>
     <span class='ocr_line' id='line_1_21' title="bbox 126 3439 997 3522; baseline 0.006 -22"><span class='ocrx_word' id='word_1_128' title='bbox 126 3456 165 3501; x_wconf 85' lang='lat'><em>20</em></span> <span class='ocrx_word' id='word_1_129' title='bbox 257 3439 325 3501; x_wconf 89' lang='lat' dir='ltr'><em>Nec</em></span> <span class='ocrx_word' id='word_1_130' title='bbox 331 3439 483 3522; x_wconf 84' lang='lat' dir='ltr'><em>juvenem</em></span> <span class='ocrx_word' id='word_1_131' title='bbox 498 3463 553 3504; x_wconf 92' lang='lat' dir='ltr'><em>nec</em></span> <span class='ocrx_word' id='word_1_132' title='bbox 567 3463 615 3502; x_wconf 90' lang='lat' dir='ltr'><em>me</em></span> <span class='ocrx_word' id='word_1_133' title='bbox 630 3442 729 3504; x_wconf 80' lang='lat' dir='ltr'><em>sensit</em></span> <span class='ocrx_word' id='word_1_134' title='bbox 743 3443 845 3504; x_wconf 89' lang='lat' dir='ltr'><em>amica</em></span> <span class='ocrx_word' id='word_1_135' title='bbox 860 3443 970 3504; x_wconf 85' lang='lat' dir='ltr'><em>virum</em></span> <span class='ocrx_word' id='word_1_136' title='bbox 987 3469 997 3505; x_wconf 92' lang='lat'><em>:</em></span> 
     </span>
     <span class='ocr_line' id='line_1_22' title="bbox 218 3545 968 3631; baseline 0.007 -26"><span class='ocrx_word' id='word_1_137' title='bbox 218 3546 277 3608; x_wconf 86' lang='lat' dir='ltr'><em>Sic</em></span> <span class='ocrx_word' id='word_1_138' title='bbox 290 3545 439 3626; x_wconf 74' lang='lat' dir='ltr'><em>flammas</em></span> <span class='ocrx_word' id='word_1_139' title='bbox 453 3547 586 3610; x_wconf 78' lang='lat' dir='ltr'><em>aditura</em></span> <span class='ocrx_word' id='word_1_140' title='bbox 599 3549 672 3631; x_wconf 84' lang='lat' dir='ltr'><em>pias</em></span> <span class='ocrx_word' id='word_1_141' title='bbox 686 3555 808 3609; x_wconf 71' lang='lat' dir='ltr'><em>aeterna</em></span> <span class='ocrx_word' id='word_1_142' title='bbox 823 3548 968 3610; x_wconf 83' lang='lat' dir='ltr'><em>sacerdos</em></span> 
     </span>
     <span class='ocr_line' id='line_1_23' title="bbox 257 3654 948 3735; baseline 0.006 -24"><span class='ocrx_word' id='word_1_143' title='bbox 257 3654 388 3735; x_wconf 74' lang='lat' dir='ltr'><em>Surgit,</em></span> <span class='ocrx_word' id='word_1_144' title='bbox 407 3660 437 3714; x_wconf 81' lang='lat' dir='ltr'><em>et</em></span> <span class='ocrx_word' id='word_1_145' title='bbox 450 3676 470 3715; x_wconf 92' lang='lat' dir='ltr'><em>a</em></span> <span class='ocrx_word' id='word_1_146' title='bbox 483 3676 556 3717; x_wconf 88' lang='lat' dir='ltr'><em>cara</em></span> <span class='ocrx_word' id='word_1_147' title='bbox 569 3655 681 3722; x_wconf 80' lang='lat' dir='ltr'><em>fratre</em></span> <span class='ocrx_word' id='word_1_148' title='bbox 695 3655 834 3717; x_wconf 81' lang='lat' dir='ltr'><em>verenda</em></span> <span class='ocrx_word' id='word_1_149' title='bbox 847 3675 948 3719; x_wconf 86' lang='lat' dir='ltr'><em>saror.</em></span> 
     </span>
    </p>
   </div>
   <div class='ocr_carea' id='block_1_3' title="bbox 0 0 1328 4470">
    <p class='ocr_par' dir='ltr' id='par_1_3' title="bbox 0 0 1328 4470">
     <span class='ocr_line' id='line_1_24' title="bbox 0 0 1328 4470; baseline 0 0"><span class='ocrx_word' id='word_1_150' title='bbox 0 0 1328 4470; x_wconf 95' lang='lat' dir='ltr'><em> </em></span> 
     </span>
    </p>
   </div>
  </div>
 </body>
</html>
