2648 4470
203 249 224 313 8
607 263 708 322 usone
725 262 857 318 sumus

156 529 190 596 15
244 517 349 603 Asper
362 536 461 598 equus
474 516 795 595 durisaontnnditur
808 537 864 582 ora
879 516 1000 600 lupatis
1015 539 1024 579 :

282 621 394 685 Frena
408 622 516 683 minus
529 624 636 696 sentit,
653 625 800 707 quisquis
814 624 859 688 ad
870 624 1057 708 armafacit
1066 648 1078 696 ,-

242 728 366 793 Acrius
381 729 499 791 invitos
513 731 672 812 multoque
682 730 824 810 ferocius
839 736 945 813 urget,

284 835 386 914 Quam
400 835 459 918 qui
470 836 743 918 serviliumserre
751 837 908 915 sectentur,
925 838 1037 901 Amor.

244 941 298 1004 En
313 963 370 1025 ego
384 941 531 1026 confiteor
546 966 555 1006 :
571 951 627 1006 lua
640 966 711 1009 sum
727 965 805 1009 noua
815 943 938 1028 preda,
958 943 1104 1028 Cupido:
1145 1018 1147 1022 ,

153 1064 191 1109 20
282 1048 497 1131 Porrigimus
511 1050 612 1113 uictas
625 1051 670 1117 ad
680 1057 735 1114 tua
741 1049 826 1134 jura
841 1070 964 1115 manus.

243 1154 308 1217 Nil
321 1165 395 1238 opus
409 1163 455 1218 cst
469 1157 549 1220 bello
565 1180 573 1220 .·
589 1157 715 1223 vennam
727 1168 896 1241 pacemque
911 1177 1072 1240 rogamus,

283 1263 352 1324 Nec
365 1262 429 1325 tibi
442 1264 512 1327 laus
526 1264 628 1327 armis
643 1265 745 1335 uectus
759 1264 895 1332 inermis
909 1283 973 1330 ero.

243 1368 342 1430 Nem
355 1389 470 1431 comam
486 1375 597 1452 myrto,
617 1378 778 1432 maternas
786 1370 898 1452 junge
912 1368 1085 1440 columbas!

285 1475 355 1554 Qui
366 1474 477 1547 deceat,
497 1497 629 1537 currum
646 1477 783 1539 vitricus
799 1478 864 1560 ipse
878 1475 976 1546 dabit,

152 1595 169 1642 2
172 1595 190 1660 5
243 1582 341 1665 Inque
354 1581 427 1644 dato
441 1602 551 1655 curru,
565 1583 679 1666 populo
691 1583 848 1646 clamante
862 1580 1071 1664 triumphum,

281 1688 401 1759 Stabis,
419 1695 449 1750 et
464 1688 630 1771 adjunctas
643 1699 716 1752 arte
730 1688 865 1751 movebis
879 1707 974 1763 aves;

245 1795 413 1860 Ducentur
425 1794 654 1878 captijuoenes
667 1801 824 1878 captaque
832 1793 954 1878 puelle·
970 1813 980 1856 :

283 1903 362 1965 Hcec
376 1902 441 1964 tibi
453 1900 645 1984 magnificus
652 1912 766 1986 pompa
781 1899 966 1984 triumphus
981 1899 1057 1962 erit.

244 2007 314 2091 lpse
327 2029 390 2090 ego,
406 2008 520 2092 praeda
535 2028 652 2081 recens,
662 2010 790 2086 factum
805 2006 892 2070 modo
907 2007 1024 2070 uulnus
1037 2003 1159 2080 habebo,

153 2130 192 2194 30
282 2113 316 2175 E
316 2119 329 2172 t
343 2132 421 2174 nova
436 2113 560 2195 captiva
576 2113 704 2176 vincula
719 2113 937 2192 menteferam
948 2138 961 2188 ,-

244 2217 338 2280 Mens
351 2219 441 2282 Bona
456 2218 592 2280 ducetur
605 2218 751 2280 manz'bus
760 2222 831 2300 post
844 2222 938 2300 terga
952 2215 1095 2288 retortis,

284 2324 332 2386 Et
346 2322 466 2396 Pudor,
485 2329 515 2384 et
527 2322 648 2387 castris
660 2322 821 2406 quidquid
833 2323 964 2386 Autaris
978 2321 1070 2387 olest.

248 2429 364 2493 Omnia
379 2437 410 2492 ta
425 2435 569 2502 metuent,
587 2429 630 2491 ad
643 2435 675 2492 te
688 2450 745 2492 sua
759 2427 889 2492 brachia
904 2428 1043 2500 tendens,

293 2536 449 2619 Vulgus«
464 2536 496 2599 lo
512 2557 529 2596 >s
544 2556 662 2618 magna
677 2556 747 2598 uoce
763 2557 779 2598 «
794 2534 955 2618 triumplu
969 2554 988 2595 »
1001 2540 1104 2599 canet.

155 2660 193 2726 35
246 2643 427 2705 Blanditiae
440 2642 566 2705 comites
579 2641 641 2704 tili
651 2647 748 2704 erunt
762 2640 931 2724 Errorque
945 2639 1127 2722 Furorque,

286 2748 425 2811 Assidm
432 2755 545 2832 parles
558 2748 655 2810 turba
668 2753 772 2810 secuta
786 2753 860 2810 tuas
874 2772 885 2809 .-

248 2854 313 2917 His
327 2860 361 2915 lu
376 2854 534 2917 militibus
547 2863 679 2936 superas
693 2853 892 2935 hominesque
905 2852 1046 2934 deosque,

287 2960 366 3022 Hac
379 2960 443 3021 tili
454 2960 486 3021 si
498 2960 606 3023 demas
618 2958 781 3030 cammada,
801 2959 906 3020 nudus
918 2959 998 3023 eris.

248 3067 336 3129 Luta
351 3066 570 3151 triumphanti
580 3067 619 3128 de
633 3086 752 3128 summo
766 3072 869 3127 mater
886 3064 1019 3147 Olympo

156 3193 196 3255 40
287 3172 437 3244 Plaudet,
456 3178 486 3234 et
499 3173 658 3256 appositas
671 3176 802 3254 sparget
817 3171 851 3232 in
865 3190 921 3233 ora
937 3190 1036 3232 rosas.

253 3279 306 3347 Tu,
320 3280 440 3363 pinnas
450 3299 586 3363 gemma,
601 3298 729 3361 gemma
745 3277 893 3339 uariante
905 3276 1047 3359 capillos,
1094 3315 1104 3323 -

290 3385 357 3447 Ibis
373 3385 406 3445 in
422 3385 548 3447 auratis
562 3405 680 3446 aureus
696 3383 760 3466 ipse
775 3383 863 3448 rotis.

256 3491 341 3552 Tunc
353 3511 472 3573 quoque
487 3511 545 3552 non
556 3500 679 3573 paitcos,
697 3489 730 3552 si
741 3495 770 3551 le
784 3490 857 3551 bone
871 3488 1023 3561 nouimus,
1043 3509 1125 3562 ures,

295 3597 380 3658 Tunc
394 3616 509 3680 qnoque
519 3596 711 3679 proeteriem
727 3596 861 3657 uulnera
875 3595 976 3657 multa
991 3593 1082 3658 dabis
1090 3621 1104 3670 ,·
