2648 4470
511 315 619 373 um
633 316 819 374 SECUNDUS

151 1433 361 1695 QUEM
370 1436 469 1510 penes
481 1433 529 1490 est
542 1428 703 1490 dominam
715 1427 973 1506 seruandieura,
992 1429 1123 1515 Bagou„

304 1534 392 1596 Dum
400 1543 524 1616 perago
536 1539 639 1596 tecum
647 1544 759 1616 pauca,
777 1534 837 1598 sed
846 1540 930 1618 apto,
950 1545 1052 1600 vaco!

284 1639 447 1703 Hesterna
462 1640 537 1703 uidi
546 1641 738 1724 spatiantem
755 1641 823 1704 luce
836 1641 981 1726 puellam

222 1744 287 1809 Illa
299 1766 369 1829 quoe
383 1746 498 1811 Danai
503 1747 648 1830 porticus
662 1767 776 1830 agmen
793 1746 906 1821 haben
954 1767 956 1770 ·

111 1867 128 1932 5
182 1852 349 1925 Protinus,
370 1859 404 1915 nt
414 1853 546 1936 placuit,
565 1852 644 1915 misi
653 1853 833 1936 scriptoque
846 1837 990 1938 rogavi:

222 1960 407 2042 Rescripsit
420 1958 547 2042 trepida
561 1980 580 2022 a
593 1958 668 2021 Non
682 1957 758 2023 itaet
771 1979 790 2022 s>
804 1959 865 2023 illo
879 1981 976 2024 manu
989 1985 1003 2035 ,-

183 2066 232 2129 Et
245 2087 305 2130 cnr
318 2086 378 2129 uon
393 2066 487 2129 liceat
499 2064 661 2149 quereum·
671 2065 802 2129 reddita
815 2086 910 2130 cansa
923 2072 981 2140 est,

226 2172 318 2252 Quod
330 2171 467 2235 nimium
480 2172 616 2236 dominae
628 2193 707 2235 cura
721 2174 852 2237 molesta
865 2179 923 2237 tua
936 2180 996 2238 est.

183 2279 227 2344 Si
237 2279 333 2361 sapis,
351 2285 493 2352 ocustos,
510 2278 625 2352 odium,
643 2278 842 2356 mihicrede,
857 2280 984 2343 mereri

96 2401 131 2447 ιο
223 2385 345 2448 Desine
359 2404 370 2448 :
383 2405 473 2467 quem
487 2385 600 2448 metuit
612 2385 755 2468 quisque,
765 2385 892 2469 perisse
903 2387 1003 2469 cupit.

193 2489 253 2552 Vir
266 2509 386 2573 qnoque
400 2511 459 2554 non
472 2492 622 2574 sapiens:
636 2491 718 2575 qnid
727 2492 813 2555 enim
825 2511 960 2555 servare
973 2490 1103 2567 laboret,

229 2595 318 2659 Unde
331 2595 430 2673 nileil3
444 2597 593 2680 quamuis
607 2619 666 2661 non
681 2588 798 2673 tueare,
812 2598 934 2683 perit?

184 2702 253 2766 Sed
259 2709 359 2786 gerat
373 2704 430 2767 ille
443 2725 499 2767 suo
513 2704 790 2786 moremfuriosus
803 2703 919 2781 amori,

224 2809 272 2873 Et
285 2818 416 2885 castum,
434 2812 545 2875 multis
558 2810 641 2895 quod
647 2814 762 2895 placet,
777 2831 843 2875 esse
850 2816 946 2894 putet
957 2835 972 2886 ,·

96 2932 130 2996 15
184 2917 274 2979 Huic
274 2917 413 2998 furtiva
426 2924 478 2980 tuo
493 2918 624 2982 libertas
637 2937 768 2981 munere
780 2918 886 2992 detur,

226 3024 329 3103 Quam
342 3023 472 3106 dederes
486 3025 547 3098 illi,
567 3024 683 3088 reddat
697 3031 732 3088 ut
746 3025 807 3088 illa
823 3023 895 3088 tibi.

189 3132 341 3195 Conscius
353 3151 421 3194 esse
434 3133 486 3194 uel
488 3132 517 3194 is
531 3153 542 3197 .·
556 3132 684 3195 domino
697 3138 744 3195 est
760 3130 891 3195 obnoxia
904 3151 996 3217 seruo
1004 3158 1017 3208 ,-

224 3236 376 3300 Conscius
388 3257 455 3301 esse
467 3238 562 3301 times
576 3257 587 3301 .·
603 3238 813 3301 dissimulare
827 3237 913 3302 locet.

82 3374 87 3391 ι
183 3341 317 3425 Scripta
332 3345 417 3426 leget
430 3365 533 3408 secum
548 3371 559 3408 .·
574 3353 709 3408 matrem
723 3345 848 3407 misisse
855 3349 969 3427 putato
979 3349 994 3407 Ι

92 3466 131 3511 20
231 3449 360 3511 Venerit
376 3450 506 3532 ignotus
519 3470 530 3513 .·
541 3451 701 3534 postmodo
715 3458 807 3514 notus
820 3450 895 3514 erit.

183 3555 248 3618 Ibit
261 3555 305 3617 ad
317 3555 470 3638 affectam,
489 3578 560 3640 quae
573 3578 632 3620 non
647 3557 826 3640 languebit,
844 3557 979 3620 amicam
996 3578 1007 3621 :

229 3661 259 3722 V
256 3662 327 3736 isat,
344 3669 377 3724 et
392 3663 524 3726 audiens
536 3657 629 3746 tegra
643 3665 690 3726 sit
704 3664 766 3726 illa
779 3663 848 3726 tuis
858 3689 872 3738 ,·
