2648 4470
211 358 268 427 1³0
579 357 682 408 sinen
694 356 880 410 susumus

244 613 359 696 Incipe,
377 612 451 698 quis
464 612 579 676 totiens
582 611 710 695 furtim
724 617 780 676 luo
793 612 912 676 limina
921 611 1039 697 pulset,

150 735 191 796 40
287 720 451 802 Quarere,
469 719 553 802 quid
563 719 688 782 latrent
701 725 788 783 nocte
800 719 919 782 silente
926 736 1030 791 eones,

249 826 441 910 Quasferat
453 834 485 890 et
498 826 623 909 referat
634 827 749 889 sollers
758 826 880 890 ancillo
893 825 1038 899 labellos,

285 933 357 996 Cur
370 934 487 997 totiens
500 953 596 996 vacuo
608 932 731 996 secubet
745 933 813 1017 ipso
827 939 894 996 toro
902 958 917 1007 ,·

246 1039 396 1105 Mordeat
410 1042 475 1103 islo
488 1046 561 1103 lnos
573 1039 748 1123 aliquando
761 1058 840 1103 cure
854 1038 1022 1109 medullas,

284 1147 400 1232 Daque
411 1149 512 1211 locum
527 1148 647 1210 nostris
661 1148 891 1230 materiamque
903 1144 1007 1210 dolicl

149 1267 188 1331 45
246 1254 309 1317 llle
316 1260 421 1338 polest
435 1254 662 1337 oocuofnrari
672 1254 767 1317 litore
778 1273 903 1327 arenos,

291 1361 427 1423 Uxorem
441 1361 539 1423 stulti
548 1361 584 1424 si
596 1359 673 1444 quis
685 1381 797 1424 amare
803 1365 917 1445 potest.

246 1469 386 1550 Jamque
399 1488 457 1551 ego
467 1476 664 1551 praemoneo:
677 1467 747 1529 nisi
758 1473 793 1529 tn
806 1485 939 1549 seroorq
943 1465 1086 1549 puellam

286 1574 417 1658 Incipis,
437 1573 569 1657 incipiet
582 1572 729 1636 desinere
741 1593 809 1636 esse
823 1593 901 1638 meo.

246 1680 357 1742 Multo
371 1679 489 1764 dinque
502 1680 588 1755 luli,·
601 1679 735 1763 speravi
744 1688 827 1763 seepe
830 1678 998 1761 futurum,
1029 1753 1032 1757 ,
1070 1706 1073 1711 ·

151 1804 190 1867 50
287 1787 314 1850 C
314 1808 368 1849 nm
382 1786 457 1849 lene
469 1806 637 1860 servasses,
657 1791 692 1848 ul
705 1785 779 1849 lene
793 1785 890 1848 verba
902 1785 1038 1859 dorem;

244 1895 367 1958 &ntus
379 1912 421 1966 es,
440 1898 472 1954 el
480 1892 609 1975 pateris
623 1891 873 1974 nullipotiendo
888 1891 1026 1955 morito:

284 2000 331 2062 At
344 1999 432 2062 milci
440 1998 580 2062 concessi
581 1997 669 2082 finis
681 1999 801 2061 amoris
814 1997 890 2063 eril.

244 2106 379 2170 Scilicet
394 2105 515 2188 infelix
528 2125 700 2187 numquam
709 2104 902 2188 prohibebor
914 2103 1040 2167 odire?

285 2214 361 2276 Nox
374 2213 460 2276 milri
469 2213 527 2275 sub
541 2212 629 2274 nullo
643 2211 770 2274 vindice
783 2221 906 2295 semper
918 2210 1019 2274 erit?

153 2333 191 2398 55
246 2319 313 2382 Nil
326 2325 464 2382 metuam
474 2321 493 2384 l
502 2329 565 2402 per
577 2318 669 2380 nulla
683 2318 811 2381 traham
824 2316 973 2402 suspiria
986 2317 1145 2382 somnos?

285 2426 351 2489 Nil
353 2425 464 2506 facies
475 2446 536 2490 cnr
550 2432 581 2489 le
588 2424 614 2508 j
615 2445 675 2488 ure
684 2425 809 2509 perisse
823 2425 955 2489 aelim?

249 2533 341 2614 Quid
353 2533 439 2595 milei
448 2554 518 2597 cum
522 2532 636 2613 facili,
655 2531 737 2616 quid
749 2551 818 2594 cum
838 2531 947 2595 lenone
961 2529 1110 2594 marulo?

288 2639 477 2723 Corrumpit
491 2640 570 2702 vilio
579 2638 709 2722 gaudia
722 2643 830 2701 nostra
846 2658 912 2702 suo.

249 2747 339 2829 Quin
351 2748 463 2820 alium,
480 2766 571 2830 quem
585 2751 676 2808 tonla
682 2745 778 2829 juvet
786 2745 957 2829 patientia,
974 2743 1129 2828 quoeris?

154 2853 195 2916 60
288 2854 423 2920 Metili
435 2854 572 2917 moelem
585 2853 619 2916 si
624 2851 729 2934 juoal
740 2871 814 2926 esse,
832 2856 930 2915 oeta!
