2648 4470
222 314 279 377 104
595 309 898 363 ussusscuunus

296 564 432 649 Impleat
448 565 508 629 illa
521 565 724 649 tucsfortior
735 588 819 631 aura
832 567 947 631 sinus!

265 674 343 739 Tum
358 693 448 736 mare
462 673 497 735 in
510 673 577 737 uaec
590 694 728 756 magnus
734 675 894 758 proclinet
906 674 1006 738 litora
1018 675 1161 751 Nereus,

165 796 207 858 4ο
298 780 373 844 Huc
387 779 480 843 venti
490 780 623 862 spirent,
640 779 701 843 leuc
713 786 793 863 agat
806 785 903 843 cestus
915 791 1038 865 aquas!

259 888 333 974 Ipsa
347 907 442 971 roges
454 886 606 969 Zephyri
616 888 748 950 ueniant
762 886 796 949 iu
810 887 911 951 lintea
923 888 993 962 soli,

299 993 370 1078 lpsa
385 1000 442 1057 tua
456 1013 578 1057 moneas
592 992 731 1079 turge'da
745 993 816 1056 vela
829 1014 935 1057 manu.

259 1100 398 1163 Primus
410 1120 469 1186 ego
483 1099 659 1184 adspiciam
674 1106 778 1163 notam
792 1099 940 1164 delitare
948 1100 1092 1185 puppim,

298 1207 346 1270 Et
358 1205 485 1270 dicam:
498 1228 518 1271 ‹
532 1208 670 1271 Nostros
683 1207 817 1270 advehit
830 1207 893 1270 illa
905 1205 998 1281 de0s;
1013 1226 1033 1270 s

166 1325 205 1392 45
259 1314 493 1397 Excipiamque
508 1313 660 1387 inumeris,
678 1318 709 1377 et
722 1313 824 1376 multa
836 1314 908 1376 sine
920 1312 1033 1377 ordine
1040 1323 1175 1398 carpam

302 1416 421 1484 Oscula
429 1444 442 1494 ,·
451 1429 513 1504 pro
527 1419 637 1483 reditu
650 1420 783 1483 victima
797 1424 868 1482 nota
881 1419 980 1494 cadet,

260 1528 360 1611 Inque
373 1526 592 1609 torifnrmam
607 1526 714 1589 molles
727 1531 915 1589 sternentur
927 1546 1043 1599 arcun,

299 1633 348 1696 Et
361 1634 506 1697 tumulus
519 1653 636 1696 mensur
647 1632 782 1715 quilibet
796 1632 903 1695 instar
914 1633 990 1699 crit.

261 1740 335 1806 Illic
347 1741 486 1825 apposito
500 1740 652 1803 narrabis
665 1739 768 1802 multa
782 1741 875 1821 Lync
890 1758 901 1823 ς

169 1861 209 1929 50
300 1849 400 1911 Peene
413 1847 461 1910 sit
475 1852 509 1910 ut
523 1845 639 1910 mediis
652 1844 762 1910 obruta
777 1847 872 1909 nauis
884 1846 986 1930 aquis,

261 1955 410 2037 Dumque
423 1954 468 2018 ad
479 1973 528 2017 me
536 1962 699 2038 properas,
717 1970 817 2035 neque
831 1953 953 2036 inique
964 1957 1105 2036 tempora
1121 1954 1236 2027 uncte’s,

300 2062 414 2125 Necte
422 2060 607 2146 precipites
620 2058 807 2123 extimuisse
819 2060 927 2123 Notas.

264 2168 382 2232 Omnia
390 2178 453 2252 pro
467 2167 556 2231 veris
569 2166 705 2239 credam,
723 2166 790 2229 sint
794 2165 877 2249 ficta
891 2165 1001 2229 licebit
1015 2184 1026 2228 .·

303 2274 331 2337 C
332 2295 375 2359 nr
386 2294 445 2359 ege
458 2293 518 2335 non
531 2273 615 2336 notis
627 2273 779 2337 blandiar
793 2273 860 2356 ipse
873 2271 953 2335 meis
964 2272 982 2335 l
989 2340 993 2349 ,

171 2391 209 2457 55
263 2382 343 2445 Huc
356 2380 443 2443 milii
452 2381 688 2465 quamprimum
703 2380 777 2444 cecla
790 2378 1010 2442 nitidissimus
1023 2379 1087 2442 alla

302 2486 439 2568 Lucifier
450 2486 588 2550 admisso
601 2492 739 2570 tempora
749 2491 856 2569 portel
868 2495 965 2568 equo!

367 3463 412 3512 TE
426 3447 641 3532 triumphales
654 3447 775 3509 circum
790 3452 857 3507 mea
868 3451 1008 3529 tempora
1021 3444 1163 3506 laurus!
1187 3486 1192 3493 -

227 3451 367 3728 Q
393 3555 552 3619 Vicimus.-
569 3555 604 3616 in
618 3559 724 3616 nostre
737 3560 786 3614 est
799 3572 865 3615 ecce
879 3551 1021 3614 Corinna
1035 3536 1137 3633 sinu,⁸
1189 3594 1195 3601 -

369 3663 472 3743 Quam
482 3663 546 3733 nir,
554 3682 647 3745 quam
655 3667 764 3730 custos,
774 3656 1096 3742 quamjauuafirma,
1109 3662 1157 3721 tat
1165 3656 1285 3732 hostes,

306 3770 334 3832 S
333 3769 495 3842 errabant,
514 3786 625 3851 nequa
634 3772 739 3852 posset
751 3767 789 3830 ab
802 3770 873 3830 arte
886 3765 967 3849 capi.
