2648 4470
586 340 686 392 LIBER
701 339 888 393 SECUNDUS

344 1456 398 1505 UM
412 1441 581 1520 labefactat
594 1462 671 1506 onus
679 1443 824 1526 gravidi
835 1446 1010 1508 temerario
1025 1445 1166 1520 veniris,

209 1447 344 1726 Q
366 1549 402 1612 ln
417 1546 511 1612 dubio
524 1549 603 1613 volu
616 1550 700 1613 lassa
715 1549 858 1614 Corinna
867 1551 986 1633 jocel:

344 1655 407 1718 Illa
420 1654 554 1739 quidem,
573 1656 655 1719 clam
667 1663 852 1720 melanium
866 1657 976 1721 molita
985 1657 1117 1740 pericli,

282 1762 339 1825 Ira
353 1760 455 1845 dogna
469 1782 544 1836 mco,
562 1762 621 1825 sed
632 1763 720 1826 cadit
735 1765 787 1827 irc
807 1769 899 1827 metu.

172 1884 189 1948 5
242 1868 311 1932 Sed
320 1875 426 1932 tamen
439 1876 496 1933 cul
508 1889 549 1933 cx
563 1889 611 1934 mc
623 1876 815 1954 conceperat,
831 1876 888 1933 out
899 1890 958 1955 ego
971 1871 1065 1934 credo
1079 1893 1091 1937 .·

282 1977 347 2040 Est
360 1976 445 2038 mibi
452 1975 605 2060 profacto
618 1987 700 2060 supe
713 1976 796 2060 quod
805 1997 873 2040 csse
884 1984 999 2060 polest.

242 2082 297 2155 lsi,
316 2084 537 2146 Paraetonium
547 2083 756 2166 genialiaque
768 2104 850 2147 arua
864 2083 990 2166 Canopi

283 2190 364 2270 Quor
376 2189 464 2265 colis,
480 2197 512 2252 et
525 2189 698 2274 Memphin,
713 2190 981 2274 palmiferamque
995 2190 1143 2268 Phoron,
1189 2180 1192 2185 ¹

232 2296 377 2377 ,Quaque
389 2295 475 2359 celer
487 2297 597 2369 Nilus,
617 2297 679 2360 lato
691 2296 839 2381 delapsus
854 2297 889 2359 in
903 2297 1001 2370 alueo,

156 2418 190 2463 10
282 2401 354 2463 Per
365 2406 480 2483 septem
487 2408 602 2484 portus
616 2401 651 2465 in
665 2403 770 2466 maris
782 2404 852 2467 cuit
864 2424 975 2485 aquas,

242 2507 313 2570 Per
325 2512 380 2570 lua
393 2508 494 2572 sistra
503 2518 626 2591 precor,
639 2518 702 2591 per
714 2509 876 2574 Anubidis
889 2528 946 2573 ora
959 2509 1105 2584 ucrcndc‘,

284 2613 356 2695 (Sic
369 2620 425 2679 tua
438 2634 530 2680 sacro
536 2616 615 2699 pius
627 2627 752 2700 semper
766 2616 878 2681 Osiris
889 2623 984 2691 amet,

243 2720 413 2806 Pigraque
426 2723 557 2789 labatur
569 2723 657 2788 circa
671 2723 807 2788 donaria
820 2731 959 2807 serpens,

283 2827 331 2891 Et
341 2848 440 2892 comes
455 2831 489 2893 in
498 2840 611 2914 pompa
625 2829 777 2914 corniger
789 2830 873 2914 Apis
889 2831 981 2910 eall)
1069 2884 1072 2888 .

155 2952 189 3018 15
242 2937 319 3001 Huc
330 2935 445 3001 adhibe
458 2936 579 3013 uultus,
595 2942 627 2999 cl
640 2937 675 3000 in
689 2957 752 3000 uno
760 2947 860 3020 paroc
873 2935 1012 3000 duobus!
1033 2988 1036 2993 ,

281 3044 370 3108 Nom
383 3045 484 3108 oolam
498 3044 683 3107 dominatu
695 3043 797 3118 dabis,
816 3045 876 3107 illa
888 3042 984 3108 mo'loi.

241 3151 332 3235 Scope
345 3151 410 3214 tibi
418 3150 503 3213 sedit
515 3150 615 3213 certis
627 3156 755 3234 operula
768 3149 889 3224 diebus,

283 3258 355 3338 Qua
369 3257 474 3341 tingit
487 3257 603 3320 laurus
616 3255 745 3319 Gallica
759 3261 869 3318 turma
884 3260 969 3318 tuas.

247 3363 352 3448 Tuque
366 3365 545 3428 laborantes
561 3370 649 3426 utero
664 3363 815 3425 miserata
826 3360 962 3445 puellas,

151 3488 190 3534 20
282 3473 429 3553 Quarum
442 3471 540 3534 tarda
555 3470 659 3533 latens
672 3480 802 3553 corpora
816 3466 923 3531 tendit
938 3486 1025 3540 onus,

243 3580 342 3644 Lenis
355 3579 430 3642 ades
437 3579 646 3663 precibusque
661 3576 835 3658 mensfcoe,
854 3573 1015 3658 Ililbyial

282 3687 399 3772 Digna
412 3694 460 3751 cst
473 3708 568 3775 quam
574 3685 690 3768 jubeas
703 3684 847 3748 muneris
860 3700 927 3744 csse
941 3679 1003 3745 tui.
