2648 4470
191 377 244 443 ¹72
578 375 679 423 Lmen
701 375 852 426 somus

225 631 382 694 Forsitan
396 638 428 692 et
441 630 585 712 quotiens
600 630 755 692 hominem
761 629 975 714 jugulaverit
991 633 1034 695 ill

266 736 409 801 Indiaetl
422 716 595 818 lzocfhssas
609 738 730 819 tangis,
749 759 860 811 avara,
879 760 992 801 manus
1007 768 1017 804 .-

226 844 287 906 llle
299 864 357 927 ego
371 844 542 906 Musarum
552 855 658 926 purus
672 845 845 927 Phoebique
857 848 1003 909 sacerdos

268 950 325 1012 Ad
337 950 469 1034 rigidas
481 958 571 1014 canto
585 971 713 1013 carmen
730 951 945 1033 inanefores!

136 1070 173 1134 25
227 1057 364 1133 Discite,
380 1058 440 1139 qui
449 1058 574 1140 sapc'tz‘s,
594 1078 653 1120 non
668 1078 739 1139 quse
753 1078 809 1120 nos
822 1061 939 1122 scimus
954 1061 1081 1133 inertes,

267 1162 335 1225 Sed
348 1165 493 1246 trepidas
507 1165 591 1226 acces
604 1164 721 1244 etfera
734 1146 842 1227 castra
856 1164 954 1245 sequa]

227 1271 357 1351 Proque
372 1270 444 1333 bano
458 1291 554 1332 uersu
566 1272 708 1353 promum
723 1271 867 1333 deducite
877 1271 983 1352 pilum
993 1281 1004 1334 !

267 1378 337 1440 Hoc
350 1377 420 1450 tibi,
438 1378 472 1438 si
483 1379 590 1450 velles,
601 1383 713 1460 posset,
733 1378 878 1449 Homero,
898 1378 986 1440 dari.

230 1483 393 1566 Juppiter,
411 1484 592 1546 admonitus
607 1484 694 1545 nihil
708 1505 772 1546 esse
782 1484 943 1566 potentius
957 1504 1045 1556 auro,

137 1606 175 1669 30
267 1590 295 1653 C
296 1595 438 1673 orruptae
447 1591 591 1674 pretium
606 1576 756 1674 virginis
772 1591 920 1673 ipsefuit
936 1612 945 1653 :

227 1696 315 1759 Dum
330 1718 447 1761 merces
461 1697 582 1772 oberat,
599 1699 703 1759 dzcrzcs
712 1704 817 1780 pater,
838 1699 906 1780 ipsa
920 1718 1040 1772 seuera,

267 1803 510 1886 AEratipostes,
519 1804 637 1886 ferrea
651 1804 759 1871 turris
773 1810 865 1877 erats

226 1908 468 1994 Sedpostquom
482 1911 610 1994 sapiens
626 1913 659 1973 iu
675 1931 809 1972 munera
824 1910 914 1972 venit
927 1910 1068 1984 adulter,

257 2017 418 2097 ‘Proebnit
431 2018 501 2100 ipsa
514 2019 613 2092 sinus,
631 2024 669 2090 et,
689 2017 878 2100 darejussa,
897 2015 998 2079 dedit.

137 2136 174 2201 35
227 2122 272 2185 At
285 2145 355 2186 cnm
370 2145 473 2207 regna
486 2145 581 2186 senex
593 2125 668 2188 aceli
677 2125 843 2187 Saturnus
856 2122 996 2198 haberet,

268 2230 369 2293 Omne
383 2232 508 2294 lucrum
522 2230 662 2293 tenebris
675 2231 745 2293 alta
753 2230 917 2314 premebat
932 2231 1048 2292 liumus
1064 2257 1074 2294 :

228 2337 377 2418 AEraque
391 2344 422 2398 et
435 2343 619 2420 argeutum,
636 2358 768 2419 cumque
782 2359 861 2400 auro
869 2337 1012 2421 pondera
1015 2338 1116 2419 ferri

269 2443 419 2506 Manibus
432 2443 586 2518 admorat,
604 2445 755 2526 nullaque
767 2445 953 2525 massafuit
961 2470 973 2517 ,·

229 2551 274 2612 At
288 2550 421 2612 meliora
435 2550 530 2613 dabat
546 2571 556 2612 :
570 2570 667 2612 curvo
680 2551 751 2611 sine
765 2550 1029 2634 uomerefruges,

137 2670 176 2731 40
268 2656 436 2738 Pomaque,
454 2664 485 2717 et
500 2657 533 2718 in
548 2677 666 2738 quercu
679 2657 777 2719 mella
792 2664 919 2740 reperta
933 2679 1021 2720 caua.

229 2763 298 2825 Nea
311 2763 418 2825 valido
430 2764 598 2846 quisquam
612 2770 720 2826 terras
731 2764 874 2845 findebat
886 2772 1000 2828 aratro
1014 2791 1026 2838 ,-

266 2868 427 2952 Signabat
440 2871 529 2933 nullo
543 2871 645 2933 limite
660 2891 783 2933 mensor
796 2870 945 2946 humum·

228 2975 402 3058 Nonfreta
417 2978 551 3039 demisso
565 2978 736 3040 verrebant
749 2985 843 3040 eruta
859 2999 944 3041 remo
960 3000 970 3042 .·

272 3084 395 3146 Ultima
410 3085 544 3147 mortali
554 3090 623 3146 tum
638 3085 692 3146 vio
708 3085 788 3146 litus
802 3093 885 3148 erat.

136 3201 175 3266 45
229 3190 351 3252 Contra
364 3197 394 3252 te
406 3192 529 3262 sollers,
548 3192 708 3254 hominum
724 3197 850 3263 natura,
861 3191 974 3272 fm'stz',

270 3297 318 3360 Et
332 3298 466 3359 nimium
480 3298 608 3360 domnis
623 3298 788 3380 ingeniosa
803 3298 878 3360 tuis.

233 3404 300 3485 Quo
314 3403 378 3465 tibi
388 3405 524 3466 turritis
539 3404 705 3487 incingere
719 3403 871 3466 manibus
885 3405 1004 3469 urbes?

269 3512 338 3592 Quo
351 3511 416 3573 tibi
427 3512 588 3574 discordes
601 3511 719 3573 addere
734 3513 767 3573 in
781 3533 874 3574 arma
888 3520 1024 3575 manus?

231 3617 321 3698 Quid
334 3616 398 3679 tibi
408 3639 478 3680 cum
489 3619 629 3704 pelago?
643 3625 734 3680 terro
748 3623 888 3681 contenta
895 3617 1021 3694 fuisses
1031 3623 1045 3680 t

141 3738 179 3809 50
275 3725 344 3788 Cur
358 3745 416 3788 non
430 3730 461 3785 et
474 3726 592 3797 coelum,
611 3724 710 3787 tertio
727 3745 839 3807 regna,
853 3725 960 3809 petis?
