2648 4470
159 358 199 424 34
566 354 813 409 unwanus

199 611 280 672 Cum
295 611 368 673 bene
381 610 510 695 dejectis
520 612 691 695 gremium
700 612 853 695 spectabis
865 613 981 685 ocellis,

240 718 401 796 Quantum
414 717 657 801 quisqueferat,
677 718 895 802 respiciendus
907 720 983 784 erit.

198 826 355 888 Forsitan
371 825 542 888 immunda
560 825 650 888 Tatio
664 831 821 909 regnante
832 825 965 896 Sabinae

104 953 144 1015 40
237 932 413 994 Noluerint
426 931 549 995 habiles
556 930 712 1015 pluribus
724 950 791 994 esse
804 931 891 994 uiris
901 957 913 1004 ,-

197 1038 293 1100 Nunc
306 1038 403 1099 Mars
416 1040 561 1101 externis
574 1040 696 1101 animos
708 1045 834 1101 exercet
848 1039 883 1100 in
896 1039 1009 1112 armis,

236 1145 281 1206 At
303 1145 404 1206 Venus
418 1143 535 1207 AEnea
549 1152 667 1228 regnat
683 1145 717 1206 in
733 1145 810 1206 urbe
822 1145 886 1209 sui.
929 1154 936 1161 ’

196 1250 328 1314 Ludunt
330 1250 484 1331 formosa·
498 1272 508 1312 .·
524 1259 610 1313 casto
624 1258 674 1314 est
686 1270 782 1332 quam
797 1269 883 1312 nemo
898 1253 1036 1333 rogauit,

237 1360 312 1428 aut,
330 1357 365 1418 si
377 1358 545 1419 rusticitas
557 1379 616 1419 non
631 1363 723 1428 uetat,
745 1358 815 1439 ipsa
829 1362 932 1438 rogat.

103 1482 142 1547 45
196 1462 268 1525 Hos
281 1481 408 1546 quoque,
426 1483 498 1545 qua·
501 1464 629 1543 frontis
641 1484 744 1547 rugos
758 1465 793 1525 in
808 1463 927 1526 uertice
936 1468 1077 1546 portant,

236 1568 361 1631 Excute
375 1588 385 1624 ··
399 1569 439 1631 de
453 1570 550 1652 ragis
563 1571 702 1633 crimino
717 1570 818 1632 multa
832 1569 952 1632 cadant.
1013 1632 1017 1639 .

195 1676 351 1761 Penelope
355 1677 512 1760 juvenum
526 1678 615 1740 uires
630 1678 771 1741 tentabat
786 1677 820 1739 in
834 1695 914 1739 arcu
927 1696 938 1739 .·

237 1784 306 1863 Qui
317 1784 405 1845 latus
417 1791 584 1866 argueret,
600 1804 732 1875 corneus
745 1803 843 1846 arcus
855 1789 936 1845 erat.

195 1890 333 1955 Labitur
345 1891 461 1954 occulte
464 1890 627 1974 fallitque
640 1889 794 1953 volubilis
807 1897 895 1963 eoas,

104 2020 143 2085 50
239 1998 279 2060 Ut
292 1997 376 2060 celer
387 1997 539 2060 admissis
552 1997 676 2060 labitur
689 1997 794 2059 omnis
810 1996 916 2078 aquus.

195 2101 285 2167 AEro
300 2104 402 2166 nitent
417 2125 483 2175 usu,
503 2105 601 2166 uestis
614 2102 690 2166 bono
702 2103 824 2186 querit
836 2102 958 2174 haberi,
1074 2103 1077 2108 ’

237 2210 414 2272 Canescunt
427 2210 521 2293 turpi
531 2216 611 2272 tecta
626 2210 678 2272 rel
680 2210 742 2272 icta
755 2210 824 2271 situ
840 2231 850 2273 :

195 2315 323 2384 Forma,
343 2315 412 2377 nisi
420 2315 580 2387 admittas,
599 2317 688 2379 nullo
701 2322 865 2378 exercente
876 2314 1021 2379 senescit.

235 2423 304 2485 Nec
316 2421 399 2482 satis
412 2421 538 2503 effecms
551 2442 633 2484 unus
648 2427 679 2484 et
691 2422 777 2484 alter
791 2419 904 2484 liabent
918 2447 929 2483 .-

105 2549 142 2615 55
199 2529 329 2594 Certior
341 2549 358 2589 e
372 2527 485 2590 multis
497 2549 553 2590 nec
566 2533 630 2591 tam
646 2527 804 2591 inuidioso
819 2528 935 2611 rapina
949 2533 1014 2601 est,-

235 2636 338 2697 Plena
352 2635 440 2696 uenit
453 2634 542 2696 conis
555 2633 595 2696 de
604 2655 710 2717 grege
718 2633 834 2716 praedo
850 2633 946 2717 lupis.

196 2743 285 2814 Ecce,
304 2741 384 2824 quid
397 2741 456 2803 iste
469 2746 544 2802 tuus
551 2747 674 2824 prater
689 2762 768 2804 noua
781 2739 927 2804 carmina
942 2745 1029 2802 uates

236 2849 370 2911 Donat?
382 2847 537 2910 amatoris
549 2847 658 2909 millio
673 2848 774 2909 multa
789 2848 883 2930 leges.

195 2954 264 3039 lpse
278 2954 355 3016 deus
368 2959 484 3022 uatum,
496 2953 591 3037 palla
605 2953 788 3035 spectabilis
800 2973 908 3024 aurea,

103 3070 143 3131 60
239 3061 369 3122 Tractat
382 3061 542 3122 inaurotae
554 3059 756 3144 consonafila
770 3060 866 3142 lyrce.

197 3167 267 3249 Qui
277 3165 372 3239 dabit,
392 3165 448 3228 ille
461 3165 525 3228 tibi
535 3184 650 3246 magno
663 3165 709 3226 sit
722 3163 825 3248 major
838 3165 979 3228 Homero
988 3190 1001 3240 ,-

235 3272 339 3336 Crede
353 3272 445 3347 mihi,
461 3292 514 3333 res
526 3277 573 3334 est
588 3271 754 3354 ingenioso
767 3270 857 3337 dare.

196 3381 266 3444 Nec
278 3388 323 3454 tu,
340 3379 375 3441 si
384 3379 460 3460 quis
467 3379 535 3441 erit
547 3378 664 3461 capitis
676 3377 817 3440 mercede
829 3379 1018 3462 redemptus,

234 3486 371 3570 Despice
385 3507 396 3549 .·
407 3484 544 3568 gypsati
553 3484 675 3548 crr'rnen
690 3485 785 3547 unane
793 3484 899 3568 pedis.

103 3599 141 3677 65
195 3595 264 3658 Nec
276 3601 306 3655 te
318 3591 479 3676 decipiant
491 3597 615 3653 ueteres
628 3592 749 3654 circum
762 3593 851 3654 atria
865 3611 971 3655 ceree:

240 3701 327 3764 Tolle
339 3706 407 3762 tuos
419 3705 530 3773 tecum,
541 3708 666 3781 pauper
677 3703 810 3773 amator,
829 3709 927 3762 auos!
