2648 4470
156 303 196 385 76
534 311 836 366 Linensecmsous

727 506 752 547 a

192 569 220 632 S
220 569 274 632 ine
281 577 407 653 procax
418 567 532 650 alo'qua
544 573 603 644 est,
619 568 737 651 capior,
752 568 830 651 quea
843 568 967 632 rustica
982 589 1043 633 non
1056 577 1115 643 est,

230 675 386 759 Spemque
397 674 455 738 dat
469 673 503 736 in
518 674 610 738 molli
621 675 748 738 mobilis
760 694 828 738 esse
840 680 931 751 toro,-

104 799 115 842 ι
120 796 138 861 5
191 782 316 867 Aspera
328 780 364 844 si
373 781 445 844 nisa
457 786 508 844 est
521 779 714 863 rigidasque
728 780 857 845 imitatu
870 780 1021 858 Satanas,

239 890 332 963 Velle,
349 888 460 951 sodex
472 887 538 951 alto
551 885 769 960 dissimulare,
784 893 884 970 puto,·

191 996 219 1061 S
220 996 271 1059 ine
284 1016 318 1058 es
331 995 429 1067 docta,
441 994 551 1079 places
566 1013 662 1056 raras
675 993 782 1058 dotata
789 1002 854 1077 per
864 999 975 1067 artes,-

229 1102 310 1167 Siue
323 1101 429 1175 rudis,
440 1101 567 1184 placita
580 1118 614 1162 es
625 1099 835 1184 simplicitate
848 1105 919 1164 tua.

193 1208 255 1273 Est
267 1230 337 1294 qun
351 1206 547 1272 Callimachi
553 1215 627 1290 pru
639 1206 760 1269 nostris
775 1208 896 1270 rustica
910 1207 1000 1271 dicat

99 1328 139 1375 20
234 1316 411 1381 Carmina:
425 1315 482 1377 cui
485 1313 605 1396 placeo,
619 1313 769 1396 protinus
783 1314 854 1398 ipsa
862 1316 972 1399 placet
979 1339 992 1386 ;

192 1423 256 1488 Est
268 1423 366 1485 ettam
380 1441 450 1505 quoe
463 1440 511 1482 me
525 1426 628 1506 uatem
642 1425 674 1482 et
687 1440 755 1483 noea
769 1421 914 1484 carmina
928 1421 1055 1504 culpet:

230 1527 402 1611 Culpantis
415 1526 539 1610 cupiam
552 1527 744 1590 sustinuisse
747 1527 873 1610 femur.

190 1634 339 1698 Molliter
353 1633 492 1697 incedit:
507 1638 590 1696 motu
603 1633 688 1716 capit
697 1659 710 1706 ,·
724 1633 828 1696 altera
843 1633 928 1696 dura
942 1637 1010 1695 est:

228 1741 274 1803 At
284 1741 405 1823 poterit
418 1745 499 1803 tacto
513 1739 639 1802 mollior
652 1760 719 1802 esse
732 1741 815 1805 uiro.

99 1859 136 1925 25
189 1847 269 1911 Huc
281 1848 358 1931 quia
372 1847 465 1910 dulce
477 1845 565 1909 cauit
576 1844 911 1928 flectitquefacillima
927 1866 1038 1921 uocem,

231 1955 347 2018 Oscula
360 1952 508 2018 cantanti
520 1957 613 2036 rapta
627 1951 753 2015 dedisse
767 1937 863 2016 velim
874 1978 888 2028 ;

189 2060 270 2125 Heec
281 2061 433 2146 querulas
446 2060 552 2124 habili
557 2059 728 2143 percurrit
737 2059 855 2142 pollice
868 2060 1025 2124 chordas:

233 2169 310 2232 Tam
323 2167 430 2232 doctas
443 2167 516 2252 quis
530 2187 589 2229 non
600 2165 701 2250 possit
713 2186 823 2229 amare
836 2175 972 2232 manusl

188 2274 253 2339 llla
261 2276 368 2358 placet
377 2278 473 2358 gestu
487 2292 713 2355 numerosaque
726 2273 857 2337 brachia
871 2273 968 2346 ducit,

98 2395 137 2458 30
228 2382 276 2444 Et
289 2387 432 2443 tenerum
447 2380 539 2442 molli
550 2385 672 2464 torquet
685 2378 724 2443 ab
737 2386 809 2444 arte
823 2381 928 2445 lalus:

193 2485 236 2549 Ut
248 2493 367 2551 taceam
381 2486 420 2549 de
432 2503 489 2558 me,
506 2485 566 2568 qui
574 2506 671 2549 causa
684 2492 803 2569 tangor
815 2486 854 2549 ub
867 2485 961 2560 omni,

228 2591 302 2656 lllic
314 2591 524 2675 Hippolytum
533 2601 623 2675 pone,
639 2592 787 2676 Priapus
799 2593 878 2658 erit.

194 2700 248 2772 Tu,
266 2700 342 2784 quia
356 2705 422 2763 tam
437 2700 533 2783 longa
546 2719 588 2772 es,
607 2704 730 2762 ueteres
742 2699 891 2763 heroidas
903 2718 1019 2783 aquas,

228 2805 262 2870 E
262 2812 275 2869 t
285 2812 372 2890 potes
386 2807 420 2869 in
434 2810 496 2868 toto
510 2806 611 2868 multa
616 2805 729 2890 jacere
743 2812 811 2870 toro
821 2833 834 2882 ,·
1102 2795 1104 2799 ⁷

96 2925 135 2991 35
188 2915 267 2979 Huc
280 2913 401 2977 habilis
413 2912 568 2975 brevitate
580 2933 639 2975 sua
652 2918 700 2975 est
707 2939 719 2985 ,·
735 2923 921 2997 corrumpor
934 2919 1096 2996 utraque:

227 3020 426 3084 Conveniunt
440 3018 620 3101 votolonga
634 3019 804 3102 brevesque
817 3040 891 3085 meo.

188 3127 262 3192 Non
276 3131 323 3189 est
336 3126 441 3189 culto:
455 3124 543 3187 subit
556 3125 639 3208 quid
650 3126 745 3188 cultee
758 3126 904 3190 accedere
912 3125 1037 3209 possit,-

229 3234 356 3296 Ornata
370 3237 439 3297 est:
454 3231 541 3295 dotes
553 3232 679 3295 exlu'bet
693 3235 761 3317 ipsa
775 3254 860 3298 suas.

192 3339 340 3403 Candida
354 3359 402 3401 me
413 3339 525 3422 capiet,
543 3340 644 3422 capiet
657 3360 706 3401 me
719 3339 806 3418 flava
817 3339 927 3423 puella
937 3364 952 3414 ,-

97 3455 137 3518 40
228 3444 292 3508 Est
305 3445 401 3508 ettam
417 3444 451 3507 in
462 3445 552 3524 fusco
561 3453 665 3529 grata
679 3447 779 3510 colore
800 3443 924 3519 Venus;

189 3548 255 3613 Seu
262 3549 403 3632 pendent
414 3549 508 3613 niuea
516 3548 611 3632 pulli
620 3550 742 3614 ceruice
754 3551 852 3634 capell
854 3551 875 3624 i,
923 3617 925 3622 .

230 3654 395 3742 Ledafuit
407 3657 508 3741 nigra
521 3656 739 3743 conspicienda
753 3677 837 3720 coma
846 3682 860 3732 ,·
