2648 4470
198 306 253 374 154
591 306 693 357 LIBER
710 306 860 357 TERTIUS

232 560 307 624 Huc
321 561 445 624 levibus
460 561 573 623 cornix
580 562 695 644 pinnis
710 562 840 645 delapsa
849 572 913 646 per
925 583 1025 626 auras

281 667 381 740 Venit,
399 675 431 730 et
447 669 480 729 iu
496 669 607 730 uiridi
613 670 760 752 garrula
775 670 860 731 sedit
876 669 980 746 humo,

238 776 359 858 Terque
372 775 459 838 bovis
474 776 576 837 uioeee
582 777 752 860 petulanti
758 784 886 859 pectora
904 783 1006 840 rostro

272 882 380 956 Fodit,
398 887 429 943 et
441 881 580 944 albentes
596 882 730 944 abstulit
745 903 799 944 ore
807 864 918 965 jubas,

141 1003 179 1068 25
232 991 295 1054 llla
310 991 410 1052 locum
425 996 616 1071 taurumque
630 988 689 1050 diu
702 994 846 1052 cunctata
862 990 1023 1071 relinquit
1034 1016 1047 1063 ;

269 1097 337 1161 Sed
349 1097 446 1179 niger
461 1097 495 1158 in
510 1117 612 1158 oacaee
620 1102 746 1179 pectore
761 1097 848 1158 laaar
861 1102 945 1160 erat.

235 1204 338 1288 thue
347 1205 463 1287 procul
477 1203 565 1265 oidit
577 1210 741 1286 carpentes
750 1204 870 1285 pabula
885 1209 995 1267 tauros

274 1311 471 1394 (Carpebant
485 1311 579 1372 tauri
585 1310 703 1393 pabula
719 1311 792 1373 lata
805 1312 946 1393 procul),

231 1420 315 1484 Illuc
328 1439 361 1480 se
375 1417 487 1501 rapuit
496 1417 718 1499 gregibusque
733 1418 909 1479 immiscuit
924 1417 1005 1493 illis,

139 1541 179 1605 30
269 1523 319 1591 Et
328 1525 427 1609 petiit
441 1524 547 1587 laerboe
550 1523 738 1605 fertilioris
752 1524 893 1599 lcumum.

231 1633 295 1697 Dic
307 1652 379 1717 age,
397 1635 568 1706 nocturnae,
585 1630 773 1713 quicumque
786 1651 829 1708 es,
847 1630 1006 1714 imaginis
1020 1652 1145 1716 augur,

269 1738 393 1823 Siquid
405 1738 519 1801 liabent
532 1738 614 1813 veri,
631 1737 702 1800 oasa
715 1737 798 1820 quid
811 1739 875 1800 ista
880 1739 1011 1820 ferant.
1054 1750 1059 1767 ‘

221 1847 288 1912 -Sic
300 1866 379 1931 ego;
393 1852 555 1909 nocturne
568 1845 617 1906 sia
631 1844 720 1907 dz'xit
735 1844 891 1929 imaginis
906 1866 1026 1929 augur,
1057 1880 1061 1885 ·
1076 1850 1079 1855 ’

271 1951 466 2036 Expendens
477 1953 583 2014 animo
595 1951 731 2033 singula
747 1950 833 2014 docta
850 1971 907 2014 suo
924 1978 934 2013 :

139 2071 178 2139 35
231 2082 249 2125 <<
266 2061 366 2141 Quem
380 2066 415 2120 tu
429 2059 598 2121 mobilibus
600 2057 702 2138 fhliis
716 2059 822 2120 volare
836 2059 972 2134 volebas,

269 2165 338 2228 Sed
350 2167 431 2227 male
445 2165 576 2236 volabas,
593 2171 693 2226 estus
706 2166 827 2226 amoris
840 2171 926 2228 erat.

240 2273 336 2337 Vacca
344 2272 456 2354 puella
471 2277 586 2334 tuaest
602 2293 612 2336 :
626 2252 720 2355 aptus
733 2272 817 2334 color
834 2272 892 2347 ille
901 2273 1043 2356 puellm,-

275 2379 322 2440 Tu
336 2378 392 2440 uir
405 2385 437 2440 et
452 2379 485 2439 in
501 2399 593 2441 vacca
607 2388 750 2461 compare
763 2382 878 2440 laurus
891 2399 986 2452 eras:

231 2486 368 2550 Pectora
382 2484 467 2567 quod
479 2491 581 2547 rostro
595 2485 709 2548 cornix
714 2485 862 2566 fhdz'ebat
876 2492 976 2562 acuto,

139 2609 179 2671 40
273 2591 445 2676 ingenium
459 2572 595 2654 domiue
609 2593 678 2655 lena
694 2592 834 2654 mouebat
846 2614 928 2654 auus
937 2617 950 2666 ,·

232 2699 327 2783 Quod
336 2705 482 2761 cunctata
498 2698 556 2761 diu
570 2705 701 2761 taurum
715 2719 774 2761 sua
788 2719 882 2761 uacca
898 2699 1051 2781 reliquit,

271 2805 438 2889 Frigidus
454 2807 488 2868 in
503 2805 598 2868 oiduo
612 2805 789 2869 destituere
802 2811 869 2867 toro
878 2829 891 2878 ,·

232 2913 334 2980 Liuor
347 2919 377 2974 et
390 2913 524 2974 adverso
538 2915 669 2977 macule
681 2912 737 2974 sub
744 2919 873 2995 pectore
886 2912 997 2995 nigre

271 3021 389 3083 Pectus
401 3020 563 3083 adulterii
575 3020 644 3083 labe
657 3039 769 3082 carere
788 3025 918 3103 negant.
937 3039 956 3080 »

140 3142 179 3206 45
233 3127 380 3190 Dc'ocerat
395 3128 555 3211 interpres
570 3149 580 3188 .·
592 3126 704 3209 gelido
719 3126 952 3210 milcisanguis
966 3125 1004 3190 ab
1018 3126 1080 3190 ori'

272 3234 391 3317 Fugit,
407 3241 439 3297 et
451 3241 526 3298 ante
540 3234 641 3298 oculos
656 3253 717 3296 uox
730 3234 821 3295 stetc't
835 3234 902 3296 alta
919 3253 1012 3298 meos.
1051 3261 1057 3271 =
