2648 4470
210 330 267 402 ³82
606 318 908 400 ssssnsscoonos

215 611 216 614 ’
271 604 315 668 Ut
318 601 442 686 facim
457 600 540 673 oz’cli,
547 597 658 681 sortes
670 599 810 664 cecidere
827 602 965 675 lacerti,·

307 709 450 791 Defensa
463 714 512 771 cst
525 707 629 771 armis
642 714 751 771 nostra
760 707 871 791 puella
884 707 966 774 suc‘s.

268 807 339 897 Qui
351 816 437 879 modo
450 828 555 878 savus
567 829 664 887 cram,
681 814 817 899 supplex
830 814 976 899 ultroque
988 816 1114 899 ropooc

175 942 214 1007 50
310 921 428 986 Oscula
442 942 481 984 ne
494 920 581 983 nobis
594 920 754 984 deteriora
768 919 870 984 daret.

268 1028 361 1094 Risit
373 1033 405 1091 et
416 1042 457 1090 en
469 1029 574 1091 anim
587 1026 679 1090 dedit
692 1028 817 1110 optimo,
834 1027 914 1109 quat
913 1026 946 1090 ia
954 1021 1083 1112 pastelli

306 1125 473 1219 Excutere
487 1135 570 1197 irato
583 1134 629 1196 tel
627 1154 647 1197 a
659 1133 763 1197 trcsul
762 1153 799 1197 ca
812 1133 917 1213 Jovi,·

272 1242 433 1324 Torqueor
447 1241 549 1322 il'nfe
532 1256 579 1312 ox
596 1252 635 1302 nc
647 1247 714 1304 tam
728 1238 804 1303 bana
817 1239 955 1303 senserit
967 1231 1064 1314 alter
1142 1248 1144 1253 '

308 1348 341 1410 E
341 1357 356 1411 t
369 1348 438 1411 uolo
452 1368 512 1410 non
526 1367 567 1410 cx
580 1347 697 1411 loacill
695 1346 829 1429 afuisse
843 1352 924 1411 nota

176 1473 213 1537 55
268 1455 349 1518 Hac
361 1474 478 1539 quoquo
492 1467 587 1537 qnam
601 1451 697 1517 docui
707 1466 760 1515 mu
760 1453 804 1516 lto
817 1452 949 1517 meliora
952 1454 1108 1537 fuerunt
1217 1438 1221 1444 ⁵

173 1542 175 1546 ¹
307 1560 353 1622 Et
340 1559 520 1643 tquiddam
534 1560 605 1623 unsa
618 1565 666 1622 est
678 1557 877 1623 addidicisse
890 1560 974 1626 novi.

270 1661 415 1748 Quod
375 1666 512 1728 nimium
521 1667 562 1751 pl
560 1686 680 1738 acuere
699 1666 766 1730 mal
766 1686 819 1729 um
832 1673 888 1738 est
906 1666 989 1750 qnod
1001 1672 1073 1735 lota
1079 1618 1216 1733 todellis

227 1773 439 1857 Lingua
452 1781 509 1837 tua
522 1779 572 1836 est
585 1772 712 1846 nostris,
731 1779 842 1836 nostra
856 1779 978 1858 recepta
991 1772 1068 1840 tuis.

268 1880 338 1944 Nec
351 1886 457 1943 tomen
470 1877 525 1944 lcoc
538 1899 635 1942 unum
648 1877 741 1952 doleo,
759 1898 820 1942 non
834 1878 940 1944 oscula
953 1874 1078 1944 lantsoni

175 1993 216 2059 60
308 1969 433 2068 Jol'ncta
446 1998 571 2071 q'ueror,
589 1985 738 2070 quamuis
752 1984 818 2051 lonc
829 1985 1075 2072 quoquejunoto
1086 1983 1231 2071 M:

269 2093 334 2157 Illa
349 2094 420 2157 nisi
430 2094 465 2156 in
479 2093 557 2158 lecto
570 2104 725 2176 nusquam
733 2097 866 2178 potuere
878 2091 996 2160 doleri.

308 2182 427 2264 Nescio
437 2191 514 2283 puts
522 2199 667 2285 pretinm
675 2199 809 2284 grande
821 2199 981 2284 magister
992 2189 1096 2264 hald.

374 3164 550 3235 Sr'TTACUS,
569 3162 650 3226 Eois
664 3160 828 3226 tractatrix
841 3160 910 3224 ales
921 3159 961 3224 ab
974 3159 1076 3232 Indis,
1218 3240 1222 3245 Ι

235 3169 369 3443 Q
396 3267 543 3333 Occidit:
558 3268 725 3352 exsequias
739 3269 784 3331 ite
786 3267 989 3351 frequenter,
1007 3276 1083 3329 aues
1089 3291 1104 3341 ,·
1199 3248 1202 3253 ¹
1219 3330 1237 3361 ·.

336 3368 426 3449 *Slla
441 3378 508 3462 pice
521 3379 672 3449 volucres,
691 3382 723 3438 et
731 3376 882 3460 plangite
890 3379 1017 3459 pectora
1027 3370 1152 3460 po'nnis,
1234 3376 1245 3387 ”
1295 3396 1302 3407 ·

304 3481 355 3579 ΙΕἰ
370 3485 482 3571 rigido
495 3491 623 3548 teneros
636 3503 743 3568 ungue
758 3487 860 3545 notate
870 3500 997 3566 genas:

200 3608 216 3672 5
270 3590 418 3660 Horrida
429 3589 489 3678 pro
503 3591 624 3654 mastc's
637 3589 781 3653 lanietur
790 3589 902 3673 pluma
915 3586 1054 3671 capillis,

309 3701 379 3764 Pro
392 3700 489 3782 longa
504 3703 649 3760 resonent
661 3695 806 3759 carmina
820 3699 927 3757 vestra
940 3691 1037 3757 tulo!
