2648 4470
201 346 257 416 186
592 362 693 413 mess
710 365 859 415 semus

238 617 330 699 Quid
334 617 495 699 juvenum
508 617 623 680 taeitos
638 619 724 680 iuter
737 619 883 683 couuzut‘e
897 626 1005 697 nutus,

284 722 443 807 Verbaque
456 724 633 806 compositis
646 724 851 788 dissimulata
866 727 974 791 notis?

145 846 183 911 25
236 829 336 894 Dicta
350 835 421 891 eret
432 849 525 911 egra
539 829 641 893 mihi:
650 841 795 915 preceps
808 852 974 916 amensque
986 835 1141 911 cucurri,-

285 937 371 1008 Veuz',
389 943 421 999 et
435 936 542 999 rivuli
552 957 611 999 uon
625 944 698 1000 erat
712 958 805 1021 egre
819 959 895 1004 mee.

237 1042 304 1108 Hz's
317 1050 350 1106 et
362 1063 434 1125 que
447 1049 530 1106 taceo
545 1043 669 1106 duravi
677 1044 919 1127 suepefereudis
932 1071 943 1109 .-

278 1152 395 1232 Quaere
408 1150 510 1214 altum
520 1159 581 1232 pro
594 1171 651 1224 me,
670 1151 731 1231 qui
741 1158 835 1233 queat
850 1153 913 1214 istu
924 1153 1019 1237 pati;

237 1257 318 1336 Jam
332 1276 400 1318 mea
414 1257 519 1319 uotiua
528 1257 646 1340 puppis
660 1256 814 1320 redimeta
828 1278 939 1320 corona

145 1381 184 1445 30
276 1363 377 1427 Lenta
391 1368 592 1426 tumescentes
605 1362 744 1445 equoris
757 1364 850 1426 audit
862 1385 973 1447 equas.

236 1469 358 1534 Desine
372 1467 548 1532 blanditias
560 1474 592 1531 et
605 1467 711 1545 verba,
722 1470 864 1553 potentia
877 1470 1043 1553 quondam,

274 1575 442 1640 Perdere:
457 1595 516 1638 uon
529 1595 588 1659 ego
601 1596 671 1638 sum
685 1576 814 1649 stultus,
834 1583 871 1639 ut
883 1577 1031 1657 autefut'.

335 2542 528 2596 UcTANTUR
536 2537 708 2614 pectusque
721 2532 791 2594 leue
806 2532 840 2593 iu
855 2533 1020 2596 centraria
1034 2533 1169 2596 tendunt

194 2539 329 2814 Q
352 2639 425 2702 Hae
438 2658 534 2711 amor,
552 2636 611 2700 hae
624 2638 731 2700 odium
741 2663 754 2712 ,·
767 2637 834 2714 sed,
846 2643 933 2721 puto,
950 2640 1053 2702 uincit
1066 2660 1164 2703 umor.

59 2765 61 2769 ’
140 2762 179 2828 35
336 2744 450 2817 Odere,
467 2744 638 2828 sz‘poteross
651 2745 765 2816 sinon,
786 2745 911 2807 inuitus
924 2746 1055 2809 amabo:

270 2851 434 2936 Neejuga
449 2857 564 2913 taurus
576 2858 685 2924 amat,·
700 2871 772 2933 quae
783 2855 886 2913 tamen
901 2850 976 2924 odit,
995 2851 1098 2917 babet.
1193 2895 1199 2907 .

192 2967 195 2974 '
231 2959 418 3044 Nequitiam
423 2956 525 3040 fugio
535 2983 546 3020 :
551 2956 739 3040 fugientem
743 2956 857 3038 forma
873 2957 1021 3032 reducit,-

271 3065 415 3130 Auersor
428 3084 550 3128 morum
565 3063 725 3128 crimina:
741 3074 853 3148 corpus
866 3084 935 3126 amo
944 3088 957 3136 ,-

231 3174 290 3238 Sic
302 3192 360 3256 ego
375 3192 430 3235 uec
443 3171 512 3234 siue
526 3177 558 3232 te
571 3190 626 3232 nec
639 3177 740 3234 tecum
754 3171 866 3233 uivere
873 3179 1011 3254 possum,

139 3298 179 3360 40
271 3278 318 3343 Et
332 3280 445 3342 uideor
458 3277 525 3341 uoti
536 3279 660 3341 nescius
671 3297 739 3340 esse
752 3277 825 3340 mei.

232 3386 300 3450 Aut
303 3385 450 3464 formosa
454 3387 550 3466 fitres
564 3382 679 3456 minus,
697 3383 875 3446 autminus
889 3383 1037 3467 mprobe,
1057 3383 1192 3446 uellem:

271 3490 440 3573 Nonfizcit
453 3492 498 3554 ad
509 3510 611 3554 mores
623 3497 688 3554 tam
703 3490 896 3574 bouaformu
910 3489 1019 3553 malos.
1264 3508 1300 3553 ιο

232 3601 334 3668 Facta
348 3604 468 3662 merent
481 3598 597 3672 odium,
606 3596 716 3680 facies
727 3602 841 3660 exorat
854 3615 1013 3659 amorem:

272 3706 327 3775 Me
340 3705 516 3769 miserum!
529 3704 624 3768 uuus
632 3704 711 3788 plus
725 3703 814 3766 valet
828 3701 887 3767 illa
900 3702 996 3768 suis!
