2648 4470
202 324 260 373 102
577 318 679 370 unck
691 317 878 373 SECUNDUS

239 574 426 660 Eccefugit
438 580 605 659 notumque
618 579 721 637 torum
735 574 893 657 soccosque
902 574 1052 647 Penates,
1180 628 1184 635 .

277 684 312 749 F
311 683 489 766 allaccsque
500 682 572 744 uias
586 681 636 744 ire
652 681 794 746 Corinna
803 686 912 764 parat.

241 788 333 873 Quid
344 789 413 861 tibi,
432 808 480 851 me
493 788 671 851 miserum!
682 786 849 871 Zephyros
861 787 1029 871 Eurosque
1041 788 1167 869 timebo,

153 919 188 964 ιο
279 896 327 960 Et
335 895 484 978 gelidum
498 898 626 962 Borean
639 893 861 978 egelidumque
873 894 1025 960 Notum?

239 1002 314 1066 Nou
329 1001 400 1065 iilic
414 1002 515 1075 urbes,
534 1020 595 1063 nou
608 1007 646 1063 tu
659 999 819 1064 mirabere
831 1001 954 1065 siivas:

283 1108 353 1171 Una
367 1114 416 1171 est
429 1107 551 1192 injusti
561 1106 799 1189 curulaforma
813 1107 916 1170 moris
925 1131 939 1181 ,-

241 1214 311 1278 Nec
324 1213 448 1277 medius
461 1220 569 1277 tenues
581 1214 712 1277 conchas
724 1214 883 1297 pictosque
895 1213 1025 1297 lapillos

157 1362 163 1378 .
281 1321 406 1386 Pontus
419 1319 531 1384 habet:
545 1318 651 1385 bibuli
661 1319 770 1384 litoris
783 1320 844 1384 illa
858 1330 946 1384 mora
959 1326 1017 1383 est.
1073 1358 1079 1370 ·

155 1447 189 1514 15
243 1428 357 1492 Litora
371 1427 561 1490 marmoreis
567 1426 704 1510 pedibus
717 1426 853 1511 signeto,
867 1426 1010 1510 puellce:

281 1533 448 1597 Hactenus
461 1540 511 1597 est
524 1539 629 1597 tutum
641 1556 651 1610 ;
665 1539 769 1597 cetero
782 1552 862 1598 caeca
877 1532 933 1596 uua
945 1538 1005 1597 est.

213 1625 216 1629 ⁴
244 1638 292 1703 Et
305 1639 391 1704 uobis
402 1640 471 1703 alii
481 1647 647 1703 uentorum
656 1641 775 1723 proeic'a
790 1647 937 1712 narrent,

284 1747 373 1826 Quas
385 1747 498 1830 Scylla
513 1747 650 1829 confutet,
666 1767 784 1831 quasue
799 1745 983 1831 Charybdis
995 1766 1108 1830 aquas,

244 1855 293 1920 Et
309 1852 422 1937 quibus
434 1855 592 1917 emmeant
605 1853 745 1917 uiolenta
762 1853 925 1919 Ceraunia
937 1854 1036 1927 sanes,
1167 1868 1170 1873 ’

154 1983 192 2031 20
285 1962 355 2042 Quo
368 1961 492 2025 lateant
504 1961 623 2045 Syrtes
634 1981 752 2045 magna
767 1961 931 2045 minorque
944 1961 1042 2026 sunu!

245 2067 326 2131 Huc
338 2067 403 2131 alii
415 2067 580 2150 referant;
594 2073 628 2131 at
642 2088 695 2132 vos
708 2067 791 2151 quod
802 2070 935 2151 quisque
948 2069 1103 2154 loquetur,

285 2173 440 2239 Credite!
452 2173 602 2239 credenti
613 2175 703 2239 nulla
712 2175 855 2258 procella
868 2181 964 2241 nocet.
977 2212 980 2217 ·

242 2280 323 2344 Sero
338 2280 511 2363 respicitur
524 2280 630 2354 telius,
650 2280 794 2362 ubifuue
807 2281 908 2344 soluto

289 2387 408 2450 Currit
421 2387 455 2449 iu
471 2387 656 2449 immensum
665 2387 774 2470 pondo
786 2387 900 2452 carc'rca
913 2388 1028 2461 salum,

136 2529 143 2543 ·
157 2511 194 2576 25
247 2492 372 2556 Navita
384 2492 544 2558 sollicitus
557 2515 627 2557 curn
641 2500 748 2557 uentos
762 2493 872 2556 horret
887 2493 1020 2577 iniquos,

288 2599 336 2663 Et
343 2608 443 2683 prope
457 2606 522 2663 tam
537 2600 636 2662 letum
650 2621 742 2683 quam
753 2599 964 2684 propeccrnit
978 2618 1103 2684 aquam.

251 2705 344 2785 Quod
353 2705 389 2768 si
398 2726 559 2769 concussas
577 2706 690 2770 Triton
698 2712 866 2790 exasperet
879 2706 989 2779 undas,

290 2812 398 2892 Quom
412 2813 476 2877 tibi
485 2813 533 2875 sit
546 2817 607 2875 toto
621 2813 732 2875 nullus
747 2812 781 2874 iu
795 2796 849 2874 ore
862 2812 965 2876 colori

254 2918 332 2981 Turn
342 2938 499 3001 generoso
512 2918 755 3000 uocesfecuudu
767 2918 878 2981 sidera
893 2917 998 2990 Ledae,

160 3049 198 3114 3⁰
289 3025 360 3089 Et:
375 3025 513 3099 «Felt'n,
532 3026 629 3099 ducas,
648 3046 737 3110 quem
749 3045 808 3088 sua
826 3032 919 3087 terra
932 3028 1036 3088 tenet!
1051 3043 1071 3087 s

256 3132 369 3196 Tutius
382 3132 561 3214 estfouisse
574 3137 688 3205 torum,
706 3132 825 3214 legisse
838 3130 969 3205 libellos,

293 3239 473 3304 Threiciam
487 3238 608 3323 digitis
622 3238 817 3322 increpuisse
831 3239 948 3322 lyram

252 3346 299 3410 Ao
310 3345 345 3409 si
354 3345 562 3426 uanaseruut
576 3345 719 3409 uolucres
733 3364 800 3409 mea
814 3344 899 3409 docta
909 3345 1066 3430 procellae,

291 3452 404 3537 AEquo
416 3459 520 3516 tamen
530 3452 634 3538 puppi
643 3453 689 3516 sit
703 3452 837 3518 Galatea
851 3458 938 3517 tuce!

162 3575 200 3644 35
259 3559 405 3625 Vestrum
418 3560 539 3624 cremon
552 3560 618 3624 erit
631 3559 713 3624 talis
716 3558 853 3643 jactura
861 3559 994 3644 puellm,

293 3665 510 3752 Nereidesque
522 3666 590 3731 dccc
603 3666 843 3750 Nereidumque
851 3672 959 3750 pater.

263 3774 346 3839 Vade
358 3793 475 3838 memor
487 3773 598 3849 nostri,
617 3781 710 3838 uento
724 3773 873 3836 reditura
886 3772 1042 3849 secundo:
