2648 4470
198 327 256 377 102
573 323 675 375 unns
687 322 874 376 SECUNDUS

235 579 422 664 Eecefugit
435 586 601 664 notumque
614 584 718 642 torum
731 580 889 663 sociosque
899 580 1048 653 Penates,
1174 638 1178 642 .

273 688 309 752 F
307 688 485 770 allacesque
495 687 568 749 noas
581 686 632 748 ire
648 687 790 751 Corinna
800 692 908 771 paral.

237 793 329 876 Quid
340 793 409 865 tibi,
428 813 475 856 me
489 792 667 855 miserum!
678 792 845 876 Zephyros
857 793 1025 877 Eurosque
1037 795 1162 875 timebo,

149 921 184 966 10
275 900 323 964 Et
331 899 480 982 gelidum
494 903 622 966 Borean
635 899 856 984 egelidumque
869 901 1021 966 Notum?

235 1005 310 1069 Non
325 1005 396 1069 illic
410 1006 511 1080 urbes,
530 1025 590 1068 non
604 1012 641 1068 tu
655 1005 814 1071 mirabere
827 1007 950 1070 siluas:

279 1111 350 1174 Una
363 1119 411 1176 est
425 1111 546 1196 injusti
557 1112 794 1194 curulaforma
808 1113 912 1176 maris
921 1138 935 1188 ,·

237 1217 307 1281 Nec
320 1217 444 1281 medius
457 1224 565 1281 tenues
576 1219 708 1283 conchas
719 1219 878 1302 pictosque
890 1219 1021 1303 lapillos

152 1364 159 1381 ·
277 1325 402 1389 Pontus
415 1323 526 1389 habet:
541 1325 647 1389 bibuli
657 1325 765 1388 litoris
779 1325 840 1388 illa
853 1345 941 1389 mora
954 1332 1012 1391 est.
1067 1364 1073 1376 ·

150 1451 185 1518 15
238 1431 353 1496 Litora
368 1431 555 1495 marmoreis
562 1430 699 1514 pedibus
712 1431 848 1515 signate,
862 1432 1005 1515 puelle:

277 1537 444 1600 Hactenus
457 1543 506 1600 est
519 1543 625 1601 tutum
636 1538 648 1615 ‚⁴
660 1543 764 1602 cetera
777 1557 858 1603 cuca
872 1538 928 1601 oea
940 1544 1000 1603 est.

208 1628 211 1633 ¹
239 1642 287 1707 Et
301 1644 386 1707 uobis
398 1643 466 1707 alii
476 1651 641 1707 ventorum
651 1645 770 1726 proelia
785 1652 931 1717 narrent,

279 1751 368 1830 Quas
381 1752 493 1834 Scylla
508 1751 645 1834 rnJ‘estet,
662 1772 779 1834 quosne
795 1751 1104 1837 Charybdinque,

239 1859 288 1925 Et
303 1856 417 1942 quibus
429 1859 586 1922 emineant
600 1859 740 1922 violenta
756 1859 920 1924 Ceraunia
932 1860 1030 1933 suuis.
1161 1874 1164 1881 '

148 1985 187 2033 eo
280 1965 349 2045 Quo
363 1964 487 2029 lateant
499 1966 618 2049 Syrtes
628 1986 747 2049 magua
761 1967 926 2051 minorque
938 1967 1038 2032 sinu!

240 2071 321 2135 Heee
332 2071 397 2134 alii
410 2072 575 2154 reserant,·
588 2078 622 2135 at
636 2093 690 2136 nos
702 2073 786 2156 quod
797 2075 930 2156 quisque
943 2075 1098 2160 loquetur,

279 2175 434 2243 Credite!
447 2178 596 2242 credenti
607 2179 698 2243 nullu
707 2180 849 2266 procella
862 2186 959 2247 nocet.

237 2283 318 2347 Sero
332 2284 506 2366 respicitur
518 2285 624 2358 tellus,
644 2286 789 2368 ubifuue
802 2287 903 2350 soluto

284 2391 402 2455 Currit
415 2391 450 2453 iu
466 2391 650 2454 immensum
659 2392 768 2475 pando
781 2393 895 2457 carina
907 2394 1023 2467 salum,

130 2532 137 2545 ·
151 2513 188 2580 25
241 2496 366 2560 Navita
378 2497 539 2561 sollicitus
551 2520 621 2562 cum
635 2506 743 2562 uentos
757 2499 867 2562 horret
880 2500 1015 2584 iniquos,

282 2603 316 2667 E
316 2610 331 2665 t
338 2611 438 2686 prope
451 2610 516 2667 tam
531 2604 630 2667 letum
644 2626 737 2688 quam
747 2615 845 2690 prope
853 2605 959 2670 cernit
972 2625 1097 2691 aquam.

245 2709 338 2789 Quod
348 2710 383 2771 si
392 2731 553 2773 concussas
571 2711 684 2775 Triton
693 2719 860 2795 exasperet
873 2712 982 2786 undas,

284 2816 393 2896 Quam
407 2817 470 2880 tibi
479 2817 527 2880 sit
540 2823 601 2880 toto
615 2818 726 2881 nullus
741 2818 775 2880 in
789 2802 843 2880 ore
856 2819 959 2882 colori

248 2921 279 2985 T
273 2944 325 2985 um
336 2943 493 3006 generosa
506 2923 749 3005 uocesfecuudae
762 2923 872 2987 sidera
887 2925 993 2998 Ledee,

153 3051 192 3117 30
284 3029 354 3093 Et:
369 3029 507 3103 «Felix,
525 3030 623 3104 dicas,
641 3051 730 3114 quem
743 3051 802 3093 sua
819 3037 912 3093 terra
927 3034 1030 3094 teneti
1044 3050 1064 3094 t

249 3136 363 3200 Tutius
376 3142 424 3200 est
425 3136 554 3219 fhvo'sse
567 3143 682 3210 torum,
700 3137 819 3220 legisse
831 3135 963 3211 libellos,

287 3242 467 3307 Threiciam
480 3243 601 3328 digitu
616 3244 811 3327 increpuisse
825 3245 942 3327 lyram.

246 3350 292 3414 Aa
303 3350 339 3412 si
348 3351 555 3431 uauaferunt
570 3351 713 3415 uolucres
727 3371 794 3415 mea
808 3351 893 3415 dicta
903 3352 1059 3436 procellos,

284 3457 397 3541 AEqua
410 3463 513 3521 tamen
523 3458 628 3542 puppi
637 3458 682 3522 sit
696 3457 830 3523 Galatea
844 3465 932 3524 tutet

155 3579 194 3647 35
253 3562 398 3628 Vestrum
411 3565 532 3629 crimen
545 3565 612 3629 erit
625 3564 675 3628 tal
677 3565 706 3628 is
709 3563 846 3648 jactura
854 3565 987 3650 puella,

286 3671 503 3755 Nereidesque
516 3671 583 3735 deu
596 3671 836 3755 Nereidumque
844 3679 952 3756 pater.

256 3777 339 3842 Vade
351 3796 467 3841 memor
481 3778 592 3854 nostri,
611 3786 703 3843 vento
717 3778 866 3843 reditura
879 3778 1012 3845 secundo
1022 3800 1036 3856 ,·
