2648 4470
591 301 693 350 ssBER
710 300 860 352 TERTIUS

330 1421 416 1471 Mle
429 1406 646 1470 arundinibus
659 1407 788 1470 limosas
801 1391 899 1470 obsite
912 1409 1011 1490 ripas,
1149 1451 1159 1468 .

188 1416 326 1696 Q
348 1513 403 1576 Ad
415 1514 573 1576 dominam
581 1524 717 1598 propero
732 1541 743 1577 .·
757 1515 837 1577 siste
845 1525 1024 1599 parumper
1037 1525 1163 1599 aquas!

329 1622 399 1684 Nec
412 1620 477 1683 tibi
487 1627 563 1682 sunt
573 1626 693 1705 pontes,
710 1641 766 1683 nec
778 1640 851 1702 quse
863 1622 935 1683 sine
949 1623 1090 1705 remigis
1104 1623 1171 1686 ictu

270 1730 412 1793 Concava
426 1727 558 1812 trajecto
571 1727 680 1811 cymba
695 1727 831 1790 rudente
845 1727 950 1791 vehat.

155 1847 173 1912 5
228 1837 361 1900 Parvus
374 1854 458 1910 erus,
476 1835 616 1908 memini,
636 1855 691 1896 nec
704 1840 733 1896 te
747 1835 895 1897 transire
910 1835 1033 1919 refugi,

265 1942 459 2025 Summaque
473 1944 532 2005 oon
545 1943 627 2004 talos
639 1943 775 2025 contegit
789 1943 875 2006 unda
889 1963 971 2004 meos
980 1967 994 2016 ,-

227 2051 325 2113 Nunc
339 2050 412 2111 ruis
426 2050 564 2133 apposito
579 2047 708 2110 nc'vibns
721 2049 760 2111 de
773 2055 874 2112 monte
888 2047 1011 2123 solutis,

268 2155 316 2219 Et
330 2156 426 2239 turpi
436 2176 560 2218 crassas
569 2155 710 2239 gurgite
724 2156 829 2218 voluis
841 2176 948 2239 aquas.

230 2262 321 2342 Quid
327 2272 516 2344 properasse
524 2261 636 2342 juvat,
653 2262 735 2343 quid
741 2271 843 2345 porca
858 2262 983 2325 dedisse
994 2261 1101 2344 quieti

139 2386 175 2430 ιο
271 2368 302 2429 T
296 2378 432 2449 empore,
447 2366 529 2450 quid
540 2369 625 2430 nocti
634 2370 831 2432 conseruisse
849 2370 946 2446 dcem,

226 2473 272 2538 Si
281 2481 386 2536 tamen
401 2472 453 2537 ion'c
465 2473 615 2537 standum
628 2481 682 2549 est,
701 2477 807 2539 sinon
821 2476 920 2539 datur
933 2475 1058 2538 artibus
1072 2474 1156 2537 ullis

271 2582 414 2644 Ulterior
428 2588 534 2643 nostro
553 2582 626 2664 ripa
636 2582 812 2665 premenda
821 2582 928 2666 pedi?

225 2690 323 2752 Nunc
335 2709 404 2770 ego,
419 2709 498 2770 quas
512 2687 625 2751 habuit
633 2689 754 2772 pz‘unas
768 2689 936 2752 Danaeius
951 2689 1051 2761 heros,

271 2795 433 2861 Terribili
443 2796 574 2858 densum
588 2817 658 2858 cum
673 2797 754 2859 tulit
767 2817 874 2879 angue
887 2803 989 2880 caput,

137 2917 172 2982 15
225 2904 323 2967 Nunc
336 2909 402 2987 opto
415 2924 560 2978 currum,
577 2903 690 2985 dequo
705 2903 855 2966 Cerealia
865 2903 1011 2986 primum

264 3009 397 3072 Semina
411 3016 569 3072 venerunt
584 3011 617 3071 in
633 3010 714 3072 rude
728 3011 827 3072 missa
840 3011 951 3074 solum.

224 3116 422 3200 Prodigiosa
438 3118 545 3199 loquor
559 3124 702 3180 veterum
717 3115 880 3179 mendacia
895 3122 1017 3191 natum,
1076 3151 1080 3157 ·
1099 3186 1103 3192 ,

264 3225 334 3288 Nec
348 3225 427 3286 tulit
440 3225 506 3287 hnc
520 3245 667 3307 umquam
683 3245 738 3286 nec
746 3223 834 3303 feret
848 3224 917 3287 ulla
932 3222 1002 3286 dies
1014 3242 1026 3298 ;

229 3333 276 3396 Tu
285 3332 406 3416 potius,
424 3333 509 3414 ripis
522 3332 620 3414 effuse
633 3331 797 3414 capacibus
810 3331 927 3405 amnis,

103 3501 104 3505 ,
134 3453 173 3498 20
266 3438 340 3517 (Sic
352 3446 494 3501 aeternus
507 3442 595 3520 eust)
612 3438 719 3501 labere
722 3438 796 3522 fine
810 3446 883 3501 tuot

225 3546 298 3610 Non
312 3548 380 3609 eris
396 3547 540 3619 inuidia,
559 3554 697 3622 torrens,
715 3545 800 3608 mihi
810 3544 913 3620 crede,
919 3542 1080 3626 ferenda,

264 3652 309 3717 Si
320 3654 413 3716 dicar
421 3663 485 3741 per
499 3653 626 3736 teforte
641 3659 784 3716 retentus
798 3671 919 3717 amans.
