2648 4470
211 306 251 388 76
590 313 892 368 unsusecsmous

783 508 807 549 e

247 571 275 634 S
276 570 329 634 ive
337 579 462 654 procax
475 569 586 651 aliqua
600 576 658 646 est,
675 570 792 652 capior,
807 570 885 653 qnia
898 568 1022 634 rustica
1036 590 1097 634 non
1112 577 1172 644 est,

285 678 442 761 Spemque
453 676 509 739 dat
524 676 558 739 in
574 676 666 740 molli
676 676 803 740 mobilis
815 696 883 740 esse
895 682 985 752 toro,-

159 802 170 845 ι
175 798 193 863 5
247 785 372 870 Aspera
384 784 419 846 si
428 783 501 846 uisa
513 788 564 846 ost
577 781 770 865 rigidasque
783 782 912 846 imitata
925 781 1076 859 Sabinas,

294 892 388 965 Velle,
403 889 463 952 sed
473 910 516 952 ex
527 889 593 952 alto
606 887 825 962 dissimulare,
839 895 918 972 puto
926 914 939 964 ,·

246 998 274 1061 S
276 998 327 1061 iue
340 1017 373 1060 es
386 997 485 1069 cocta,
496 996 607 1080 places
621 1014 718 1058 raras
731 995 836 1059 dotata
844 1004 909 1079 per
919 1001 1030 1068 artes,·
1066 996 1068 999 ’

284 1104 366 1168 Siue
379 1103 484 1176 rudis,
496 1102 622 1186 placita
636 1120 669 1164 es
680 1101 891 1186 simplicitate
904 1107 973 1166 tna.

248 1210 310 1275 Est
322 1232 392 1295 quoe
406 1208 602 1274 Callimachi
608 1216 682 1291 prae
695 1208 816 1270 nostris
830 1209 951 1272 rustica
965 1208 1055 1299 de‘eat

154 1331 194 1377 20
290 1317 466 1382 Carmina:
481 1316 537 1379 cui
541 1315 660 1398 placeo,
674 1315 825 1398 protinus
839 1315 908 1398 ipsa
917 1316 1048 1399 placet,·

246 1426 311 1488 Est
324 1424 421 1487 ettam
436 1443 506 1506 qua
518 1442 567 1484 me
580 1427 683 1508 uatem
697 1428 730 1484 et
743 1442 810 1485 mea
824 1422 969 1485 carmina
983 1423 1110 1505 culpet:

286 1529 458 1613 Culpantis
471 1528 594 1612 cupiam
607 1529 799 1591 sustinuisse
802 1528 928 1611 femur.

192 1720 195 1724 ⁸
246 1636 394 1700 Molliter
409 1635 547 1699 incedit:
562 1640 645 1697 motu
659 1634 744 1717 capit
753 1660 766 1707 ,·
779 1634 884 1698 altera
898 1633 983 1696 dura
997 1639 1065 1696 est:

283 1743 330 1805 At
339 1742 461 1827 poterit
474 1746 554 1805 tacto
568 1741 694 1804 mollior
707 1761 774 1804 esse
788 1743 870 1806 uiro.

154 1864 171 1908 2
174 1862 191 1925 5
244 1848 325 1913 Haec
337 1850 414 1932 qnia
427 1847 521 1911 dulce
533 1847 621 1910 canit
631 1845 966 1929 flectitquefacillima
982 1867 1094 1922 uocem,

286 1956 403 2019 Oscula
416 1954 563 2020 cantanti
576 1959 668 2036 rapta
683 1952 809 2016 dedisse
822 1938 919 2016 velim
929 1979 943 2029 ;

244 2062 325 2126 Huc
337 2062 488 2146 querulas
501 2061 607 2125 habili
612 2061 783 2144 percurrit
793 2060 910 2145 pollice
923 2061 1081 2125 chordas:

288 2171 319 2234 Τ
314 2190 365 2232 am
379 2168 486 2233 doctas
499 2168 572 2252 quis
586 2188 644 2230 non
655 2167 756 2251 possit
768 2187 878 2230 amare
892 2176 1027 2233 manus?

244 2276 308 2339 Illa
317 2276 423 2359 placet
432 2280 529 2359 gestu
542 2293 768 2356 numerosaque
781 2274 912 2338 brachia
927 2274 1023 2347 ducit,

153 2396 192 2459 30
284 2383 331 2445 Et
344 2388 488 2444 tenerum
502 2381 595 2443 molli
605 2386 727 2465 torquet
740 2379 779 2444 ab
792 2386 865 2444 orte
878 2382 983 2446 latus:

248 2486 291 2551 Ut
303 2495 422 2551 taceam
436 2487 475 2550 de
488 2505 544 2559 me,
561 2486 726 2568 quicansa
740 2493 859 2571 tangor
870 2486 909 2550 ab
923 2487 1016 2561 omni,

283 2593 357 2657 Illic
369 2592 580 2676 Hippolytum
588 2602 678 2676 pone,
695 2593 842 2676 Priapus
855 2594 933 2658 erit.

249 2701 280 2765 Τ
274 2723 303 2774 u,
321 2702 397 2785 quia
411 2707 478 2763 tam
493 2701 588 2781 longa
602 2720 644 2773 es,
662 2706 785 2762 ueteres
797 2699 946 2763 heroidas
958 2719 1075 2784 equas,

283 2807 331 2872 Et
340 2813 427 2892 potes
442 2808 476 2870 in
491 2811 551 2869 toto
565 2806 666 2868 multa
672 2806 784 2889 jacere
798 2813 867 2870 toro
876 2833 889 2884 ,-

152 2926 190 2992 35
243 2916 322 2980 Huc
335 2914 456 2978 habilis
469 2913 624 2976 breuitate
636 2932 694 2975 suo
708 2918 774 2985 est,·
790 2923 976 2996 corrumpor
990 2919 1154 2996 utraque:

282 3021 482 3085 Conveniunt
495 3018 675 3101 uoto-longa
690 3018 859 3103 breuesque
872 3040 946 3085 neco.

244 3128 317 3191 Non
331 3132 379 3190 est
392 3127 496 3189 culta:
511 3125 598 3188 subit
611 3126 694 3208 qnid
705 3126 801 3189 cultae
813 3126 959 3190 accedere
968 3125 1093 3209 possit,-

284 3235 412 3298 Ornata
425 3238 472 3295 est
484 3259 494 3297 .·
509 3232 596 3296 dotes
608 3233 734 3296 exhibet
748 3235 817 3317 ipso
830 3254 916 3298 suas.

247 3339 394 3404 Candida
409 3360 457 3402 me
469 3340 580 3422 capiet,
597 3341 700 3422 capiet
712 3361 761 3402 me
774 3340 862 3419 flaua
872 3340 982 3423 puella
993 3364 1007 3414 ,·

152 3456 192 3519 40
284 3445 348 3508 Est
360 3446 457 3508 etiam
473 3445 507 3508 in
517 3445 607 3524 fusco
616 3453 720 3529 grata
734 3447 834 3510 colore
855 3444 979 3519 Venus;

244 3549 272 3612 S
272 3569 310 3612 en
317 3549 458 3633 pendent
470 3549 564 3612 nivea
571 3549 666 3633 pulli
675 3551 797 3614 ceruice
809 3551 930 3634 capilli,
978 3617 980 3622 ,

285 3655 370 3721 Leda
373 3655 449 3742 fnit
463 3657 563 3740 nigra
576 3657 794 3744 conspicienda
808 3677 892 3721 coma
901 3682 915 3732 ,-
