2648 4470
148 292 188 383 58
552 314 653 365 unca
671 313 802 366 smnus

99 584 133 649 15
186 570 260 633 Non
273 587 349 632 acus
361 567 498 648 abrupit,
518 587 577 629 non
592 569 713 632 vallum
721 569 862 653 pectinis
877 568 952 632 illos
962 595 975 644 ,·

228 674 395 741 Ornatrix
408 680 474 736 tuto
486 685 615 757 corpore
628 686 752 759 semper
764 682 856 742 erat:

187 783 272 848 Ante
286 800 367 844 meos
378 791 461 864 scepc
473 786 519 843 est
532 782 635 844 oculos
648 790 768 855 ornata,
786 803 842 847 nce
855 805 1003 868 umquam
1050 857 1059 879 s

227 887 372 951 Brachia
386 886 517 970 derepta
530 889 639 951 saucia
643 888 732 970 fecit
744 910 814 952 acu.

187 992 277 1078 Saepe
290 994 388 1060 etnam
403 994 538 1058 nondum
553 995 690 1077 digresn's
704 1015 795 1058 mane
808 996 939 1080 capillis

94 1117 134 1165 20
225 1099 511 1186 Purpnrcojacuit
523 1100 717 1185 semisupina
731 1107 799 1165 toro
814 1121 824 1164 .·

191 1207 221 1272 T
216 1229 268 1270 um
284 1228 405 1291 qnoque
418 1213 489 1272 erat
503 1209 644 1292 neglecta
659 1208 777 1282 decens,
797 1214 832 1270 ut
850 1208 985 1271 Threcia
1001 1210 1119 1274 Bacche

225 1313 306 1377 Cum
321 1321 437 1378 temere
452 1316 486 1378 in
501 1315 611 1378 viridi
615 1316 770 1398 gramine
784 1317 870 1378 lassa
876 1315 976 1398 jacet.

186 1419 266 1484 Cum
276 1422 422 1505 graciles
436 1427 538 1484 essent
551 1428 656 1484 tamen
669 1428 700 1484 et
714 1422 884 1505 lanuginis
899 1423 1017 1496 instar,

223 1527 320 1592 Heu!
334 1528 419 1592 mala
433 1534 553 1590 uenatu
566 1536 684 1611 quanta
698 1529 804 1591 tulere
817 1538 931 1592 comael

93 1650 131 1716 25
186 1633 288 1713 Quam
303 1653 336 1696 sc
343 1633 658 1716 prebueruntferro
673 1635 837 1717 patienter
850 1639 881 1696 et
896 1634 979 1716 igni,

227 1739 375 1825 Utfieret
387 1746 467 1804 torto
481 1741 604 1803 nexilis
617 1741 689 1804 orbe
701 1741 817 1804 sinus!

184 1846 366 1912 Clanculum
377 1874 387 1912 .·
402 1868 421 1912 «
434 1848 547 1911 Scelus
559 1854 606 1911 est
620 1849 703 1919 istos,
722 1848 823 1911 scelus
838 1867 934 1910 urere
946 1847 1082 1910 crines!

221 1954 340 2038 Sponte
353 1955 460 2019 decent
470 1981 480 2018 :
494 1954 604 2037 capili,
610 1955 738 2036 ferrea,-
756 1964 855 2037 parce
868 1959 942 2017 tuot

191 2061 260 2125 Vim
267 2064 382 2146 procul
393 2062 468 2126 binc
482 2070 626 2125 remove!
640 2081 700 2123 non
714 2066 760 2123 est
773 2061 832 2143 qui
844 2059 953 2122 debeat
969 2061 1029 2122 uri
1037 2086 1047 2123 :

91 2187 131 2250 30
222 2169 350 2232 Erudit
363 2168 502 2231 admotas
517 2167 585 2252 ipse
597 2167 736 2252 capillus
750 2187 837 2230 acus.
854 2187 873 2227 »

46 2269 49 2276 ’
182 2275 216 2340 F
215 2294 344 2338 ormesae
353 2274 481 2358 periere
494 2294 593 2346 coma,
611 2292 692 2356 quas
707 2272 803 2335 uellet
815 2272 936 2354 Apollo,

223 2382 312 2463 Quas
326 2381 423 2443 vellet
435 2379 537 2463 capiti
549 2378 694 2442 Bacchus
710 2379 811 2440 inesse
825 2398 880 2440 suo
888 2388 909 2451 ,·'

182 2486 256 2552 Illis
269 2486 464 2559 contulerim,
483 2506 561 2570 quas
574 2485 729 2568 qnondam
744 2485 830 2546 nudo
845 2484 951 2548 Diam

220 2594 387 2678 Pingitur
399 2592 546 2656 humenti
556 2591 750 2655 sustinuisse
764 2612 872 2655 mann.

89 2716 127 2782 35
182 2700 275 2783 Quid
286 2701 367 2765 male
380 2699 546 2783 dispositos
557 2699 705 2782 quereris
714 2698 855 2782 periisse
868 2698 1032 2781 capillos?

223 2808 315 2890 Quid
324 2806 484 2892 speculum
499 2812 608 2868 masta
617 2805 721 2888 ponis,
741 2805 854 2887 inepta,
874 2805 1000 2867 manu?

180 2917 253 2979 Non
268 2915 341 2978 bene
355 2913 511 2978 consuetis
523 2933 543 2974 a
557 2918 589 2974 te
601 2911 757 2994 spectaris
771 2910 878 2973 ocellis
893 2937 904 2974 :

223 3023 265 3085 Ut
276 3021 412 3106 placeas,
430 3019 522 3082 debes
537 3019 701 3080 immemor
713 3036 779 3079 esse
792 3016 852 3078 tui.

178 3130 252 3194 Non
266 3135 296 3192 te
309 3132 444 3193 cantate
458 3127 612 3189 lceserunt
620 3122 747 3206 paelicis
761 3121 875 3194 herbae,

86 3253 126 3318 4ο
218 3233 292 3300 Non
306 3254 387 3298 anus
399 3231 566 3295 Hsemcnia
576 3227 705 3315 perfida
720 3229 802 3290 lavit
815 3247 921 3309 aqua,·

178 3345 248 3408 Nec
260 3342 324 3406 tibi
335 3342 387 3404 vis
400 3338 504 3402 morbi
515 3336 621 3400 nocuit
636 3359 645 3398 :
656 3335 772 3419 procul
785 3355 872 3397 omen
885 3332 1012 3396 abesto!

217 3452 287 3514 Nec
300 3448 419 3512 minuit
432 3447 547 3509 densas
561 3441 673 3506 inuida
688 3442 806 3525 lingua
819 3459 921 3503 comas
934 3461 945 3503 .·

177 3558 211 3621 F
210 3563 279 3622 acta
293 3576 388 3620 manu
402 3555 553 3639 culpaque
566 3557 621 3614 tua
636 3547 918 3655 dispendcaxsentcs
926 3569 939 3622 ,-

218 3666 292 3756 Ipsa
305 3662 402 3727 dabas
414 3659 518 3748 capiti
529 3659 631 3721 manta
646 3676 765 3719 uenena
778 3660 840 3719 tuo.
