2648 4470
211 291 249 338 12
610 290 710 340 LIBER
723 290 854 342 PRIMUS

157 556 191 624 15
245 542 318 607 Nan
333 542 419 607 milu’
429 545 518 607 mille
527 545 660 629 placent,
681 565 740 608 non
754 565 825 608 sum
838 546 984 610 desultor
997 546 1142 610 amares:

290 650 337 735 ljn
351 651 441 727 miln',
457 652 492 714 si
501 672 564 734 qna
569 651 665 736 fides,
684 666 762 714 cura
772 654 926 736 perennis
939 654 1030 729 eris,·

250 756 368 830 Tecum,
387 778 463 840 quas
476 757 624 822 dederint
637 780 734 823 annos
747 759 901 842 milriflla
915 780 1070 832 sororum,

294 863 407 928 Vivere
420 865 594 948 contingat,
612 872 704 948 teque
717 867 851 939 delente,
869 867 974 940 marc',·

250 972 280 1035 Τ
275 991 293 1034 e
306 971 390 1034 milu'
401 973 567 1035 materiem
570 971 704 1054 felicem
720 973 755 1035 in
769 975 914 1037 carmena
922 972 1033 1056 praebe
1048 999 1059 1038 :

154 1092 193 1139 20
284 1079 482 1142 Provenient
493 1100 589 1143 cansa
602 1081 745 1142 carmina
761 1080 863 1162 digena
876 1099 948 1142 sua.

247 1185 400 1250 Carmine
413 1205 521 1248 namen
535 1185 649 1249 labent
662 1187 820 1250 exterrita
833 1186 982 1249 carnibus
995 1185 1035 1258 la,

283 1292 332 1354 Et
346 1312 439 1375 quam
446 1292 607 1377 fluminea
622 1293 702 1356 lusit
715 1293 847 1356 adulter
859 1314 926 1366 avc,

245 1398 390 1481 Quaque,
409 1409 506 1486 super
514 1408 645 1483 pontum
659 1401 808 1462 simulato
822 1407 907 1463 necta
917 1400 1064 1482 juvenca,

290 1505 447 1589 Virginea
462 1508 565 1570 tenuit
579 1529 695 1569 cornua
711 1529 791 1569 aare
806 1529 901 1569 mareu
917 1534 927 1571 .·

152 1629 169 1673 2
172 1626 190 1694 5
243 1612 311 1675 Nes
324 1634 439 1696 quaque
448 1624 510 1697 per
523 1620 620 1675 tatum
630 1615 761 1698 pariter
774 1614 974 1677 cantabimur
987 1614 1098 1684 orbem,

282 1720 468 1804 Juuctnque
480 1731 604 1807 semper
616 1727 711 1784 eruut
725 1723 850 1784 nemina
866 1727 972 1785 nostra
987 1712 1094 1817 tuis(

343 2703 376 2752 υἱ
390 2692 523 2752 tuusest
536 2687 646 2772 epulas
661 2685 748 2750 nabis
760 2685 913 2748 aditurus
927 2682 1050 2748 easdem
1067 2710 1077 2746 .·

202 2701 336 2978 Q
364 2796 485 2859 Ultima
499 2814 583 2857 coena
597 2799 648 2857 tuo
661 2793 706 2855 sit
713 2802 830 2876 precor
844 2791 905 2853 illa
921 2791 1004 2854 vc'rc.

341 2903 375 2965 E
376 2922 436 2985 rgo
449 2922 507 2985 ega
521 2900 669 2964 delectam
683 2906 809 2963 tantum
823 2899 954 2962 ccnac‘ua
965 2898 1107 2980 puellam

280 3008 466 3092 Adspiciam
478 3015 492 3072 l
502 3009 602 3091 tangi
611 3029 701 3092 quem
710 3007 819 3090 juvet,
836 3006 925 3068 alter
938 3005 1011 3077 erit,

166 3123 184 3189 5
240 3117 450 3200 Alteriusque
463 3117 555 3179 sinus
568 3122 638 3199 apte
652 3115 788 3197 subjecta
793 3111 952 3196 favebis?

280 3223 410 3308 injiciet
422 3224 507 3297 colla,
526 3244 595 3285 cum
611 3224 700 3295 ualet,
720 3221 776 3283 ille
790 3220 948 3283 manum?

240 3330 362 3398 Desine
376 3331 505 3403 mirari,
519 3330 619 3414 posito
633 3327 718 3410 qued
728 3326 866 3391 candida
882 3326 955 3386 vinc

278 3439 410 3502 Atracis
423 3437 587 3520 ambiguos
600 3435 709 3499 traxit
725 3435 759 3496 in
774 3454 865 3496 cerua
881 3422 969 3494 uz‘rcs
979 3456 990 3501 ,·

239 3547 307 3610 Nec
321 3544 501 3608 milu'silaa
516 3543 632 3614 damus,
657 3561 802 3624 neceque
821 3559 888 3601 mea
910 3536 1047 3601 membra
1068 3535 1194 3600 calcares

151 3669 188 3712 ιο
285 3653 348 3717 Vin
362 3673 380 3714 a
395 3657 427 3713 tc
442 3650 553 3714 uidear
561 3661 651 3734 passe
665 3655 772 3712 tencre
786 3665 909 3713 manns.
