2648 4470
100 326 136 391 14
499 319 598 373 uass
615 320 747 374 PRIMUS
777 331 782 342 ’

137 577 217 656 Quae
230 576 293 638 tibi
303 575 528 658 siatfaciendo
543 582 646 640 tamen
660 596 815 661 cognosce,
835 597 890 640 nec
905 575 1016 640 Euris
1133 617 1136 621 -

173 683 226 745 Do
242 704 308 746 mea
323 703 377 745 uec
391 683 510 767 tepidis
524 676 768 766 uerbafereudo
783 684 892 747 Notis.

37 861 42 874 .
133 790 219 855 Ante
233 789 309 868 oeni
318 809 413 870 quam
428 789 502 863 uir,·
518 810 571 853 uec
584 789 671 874 quid,
688 790 723 852 si
733 791 863 853 ueneris
876 795 956 864 oute,

174 897 286 959 Possit
298 895 360 978 agi
373 895 470 968 uideo,
488 896 546 959 scd
557 902 660 960 tamen
675 897 848 961 anteveni.

46 1021 80 1083 15
135 1002 163 1064 C
165 1023 216 1064 um
226 1006 350 1085 premet
365 1002 423 1065 ille
437 1007 550 1078 torum,
570 1004 662 1066 vultu
675 1023 774 1066 comes
791 1002 862 1087 ipsa
875 1003 1010 1067 modesto

173 1108 246 1184 Ibis,
265 1115 301 1171 ut
314 1108 482 1182 accumbas,
501 1109 582 1172 clam
596 1110 682 1173 mc'lci
693 1117 793 1193 tange
801 1110 934 1195 pedem
1055 1195 1058 1200 ι

134 1215 189 1278 Me
203 1222 306 1298 specta
321 1221 478 1298 nutusque
491 1235 573 1278 meos
587 1216 774 1300 vultumque
789 1199 953 1301 loquacem,

173 1321 296 1404 Excipe
299 1320 455 1403 furtcoos
468 1327 499 1384 et
513 1321 603 1404 refer
617 1323 687 1406 ipsa
701 1328 814 1399 notas;
872 1375 874 1379 ,

141 1428 241 1491 Verba
254 1428 441 1512 superciliis
453 1429 524 1491 sine
537 1448 608 1492 uoce
621 1429 782 1511 loquentia
796 1429 900 1509 dicam
917 1456 927 1494 :

42 1549 82 1596 20
181 1533 279 1597 Verbo
293 1536 382 1619 leges
394 1534 521 1619 digitis,
542 1536 637 1598 verba
652 1542 760 1599 notata
774 1556 870 1600 mero.

134 1641 162 1705 C
164 1664 216 1704 um
230 1642 294 1705 tibi
302 1649 468 1706 succurret
490 1643 621 1706 Veneris
634 1643 768 1707 lasciuia
783 1650 910 1717 nostre,

59 1828 61 1833 .
174 1752 367 1834 Purpureas
379 1755 485 1813 teucro
494 1749 610 1834 pollice
624 1755 723 1833 tange
733 1770 837 1833 genas
847 1774 860 1822 ,·
910 1829 912 1831 ι

134 1856 180 1919 Si
191 1857 274 1939 quid
284 1859 350 1919 erit
363 1857 402 1919 de
415 1877 464 1919 me
477 1857 576 1919 tacita
589 1856 673 1940 quod
685 1863 786 1920 mente
799 1856 960 1939 queraris,

173 1964 319 2027 Pendeat
332 1969 476 2027 extremo
491 1964 567 2026 moll
569 1963 598 2025 is
611 1963 649 2026 ab
662 1984 742 2026 aure
756 1983 869 2026 manas
878 1987 893 2037 ,-

40 2085 79 2149 25
135 2071 216 2134 Cam
231 2070 296 2133 tibi
305 2071 515 2154 qaaefaciam,
534 2090 601 2133 mea
615 2069 682 2142 lux,
702 2069 846 2132 dicamve
853 2068 1032 2152 placebunt,

180 2177 330 2240 Versetur
344 2177 464 2259 digitis
478 2177 597 2239 anulus
611 2196 710 2260 usque
723 2176 802 2240 tuis.

138 2286 169 2347 T
163 2304 248 2367 auge
261 2305 357 2346 mauu
371 2303 519 2357 mensam,
537 2289 676 2367 tangunt
693 2304 755 2366 quo
772 2304 858 2348 more
865 2288 1045 2367 precantes,

175 2390 309 2474 Optabis
322 2390 436 2452 merito
449 2411 518 2453 cum
533 2391 617 2452 malo
631 2391 732 2453 multo
748 2391 829 2453 viro.
902 2473 904 2476 .

134 2497 229 2578 Quod
240 2497 306 2559 tibi
317 2497 490 2569 miscuerit,
510 2497 626 2581 sapias,
646 2497 730 2560 balat
745 2498 811 2580 ipse
817 2496 953 2579 jubeto:

41 2616 88 2684 30¹
177 2606 224 2668 Tu
232 2615 370 2689 puerum
386 2604 500 2666 leuiter
508 2614 600 2687 posce
613 2604 698 2687 qaod
711 2605 780 2687 ipsa
795 2605 878 2666 voles
887 2629 900 2677 ,·

133 2713 214 2795 Quae
228 2717 263 2774 tu
278 2711 470 2783 reddideris,
488 2731 545 2793 ego
556 2712 685 2798 primus
694 2711 805 2792 pocula
819 2730 950 2783 sumam,

173 2820 221 2882 Et
235 2839 297 2901 qua
312 2824 348 2881 tu
362 2817 488 2890 biberis,
507 2818 564 2880 liae
578 2839 636 2900 ego
645 2822 740 2901 parte
754 2815 867 2880 bibam.

132 2927 177 2991 Si
188 2925 345 3008 tibiforte
358 2924 446 2988 dabit
458 2923 542 3008 quod
547 2925 806 3006 pregustaoerit
820 2925 894 3007 ipse,

173 3032 289 3117 Rejice
301 3033 415 3096 libatos
431 3033 525 3095 illius
537 3050 591 3094 ore
608 3030 700 3095 cibos.

42 3153 80 3220 35
134 3142 204 3206 Nec
211 3147 340 3224 premat
354 3139 513 3222 impositis
525 3138 623 3201 sinito
636 3143 694 3200 tao
705 3138 788 3201 collo
801 3136 946 3209 lacertis,

173 3249 257 3312 Mite
271 3267 326 3310 uec
340 3247 374 3310 ia
390 3245 501 3329 ecgrico
509 3252 636 3329 pectore
646 3254 725 3328 pone
739 3250 840 3328 caput,

134 3355 203 3418 Nec
216 3355 307 3417 sinus
320 3354 472 3417 admittat
486 3352 608 3437 digitos
622 3352 783 3416 habilesve
793 3351 927 3434 papillae
935 3375 949 3425 ;

179 3463 297 3526 Oscula
307 3461 470 3546 precipue
483 3459 576 3522 nulla
590 3457 714 3521 dedisse
728 3458 811 3520 uelis
826 3477 836 3519 .·

138 3567 256 3632 Oscula
268 3569 303 3630 si
313 3567 450 3638 dederis,
458 3565 543 3649 fiam
557 3566 746 3647 manifestas
758 3569 888 3636 amator,

42 3694 84 3757 40
174 3678 223 3741 Et
236 3677 339 3740 dicam
354 3694 365 3737 :
381 3695 398 3737 s
413 3673 487 3735 Meo
501 3680 576 3736 suut
590 3693 617 3748 o,
638 3672 847 3755 c'ujiciaruque
861 3689 999 3734 manum.
