2648 4470
111 242 150 311 74
486 240 587 293 um
603 240 789 296 SECUNDUS

147 495 215 560 Ista
229 516 334 559 mares
346 501 491 570 tractent,
509 503 545 559 tu
558 508 628 581 spes
642 496 758 583 depone
770 494 889 564 aeratas
903 522 914 566 :

60 623 94 667 10
185 602 272 665 Sunt
285 603 351 665 te'be‘
360 623 429 665 cum
444 603 572 666 domina
585 605 683 689 signa
687 604 830 686 ferenda
845 613 913 673 tua.

146 707 241 772 Hanc
254 709 349 793 imple
363 709 498 783 meritis,
517 711 620 792 hujus
632 711 698 775 te'be'
704 712 822 797 gratia
832 714 941 796 prosit
949 738 964 789 ,-

184 815 213 877 S
214 815 231 877 i
240 836 350 879 careas
364 816 434 889 illa,
452 817 527 899 quis
540 823 614 880 tuus
628 838 705 881 usus
718 816 814 880 erit?

146 923 210 987 Est
222 921 439 1004 ettamfact‘es
457 928 532 985 sunt
544 924 616 1007 apti
626 923 751 987 lusibus
762 925 863 988 anni:

186 1029 328 1112 Indigna
342 1034 390 1092 est
401 1029 614 1113 pe'grofarma
622 1031 738 1113 perire
750 1030 828 1095 situ.

59 1156 69 1198 ι
76 1151 94 1217 5
147 1136 279 1201 Fallere
291 1141 322 1198 te
332 1137 441 1219 potuit,
459 1137 605 1220 quamvis
619 1135 753 1200 habeare
764 1138 937 1202 molestus:

186 1244 259 1306 Nan
272 1249 361 1307 caret
373 1243 492 1326 effectu,
511 1243 594 1327 quad
605 1245 734 1308 noluere
747 1244 816 1308 due.

148 1349 265 1432 Aptius
279 1349 433 1431 utfuerz't
443 1350 592 1434 precibus
605 1357 753 1426 tentasse,
772 1372 931 1437 regamus,

187 1456 274 1519 Dum
289 1457 363 1520 bene
374 1457 515 1539 ponendi
524 1479 658 1521 munera
671 1465 794 1544 tempus
806 1458 908 1524 habes.

251 2429 299 2481 οΝ
313 2440 371 2503 ege
385 2418 541 2482 mendosos
553 2419 657 2481 ausim
672 2419 841 2500 defendere
854 2439 964 2493 mares,

110 2415 247 2702 {Q}
270 2524 430 2608 Falsaque
440 2536 499 2609 pro
513 2526 608 2588 vitiis
621 2547 712 2588 arma
727 2545 848 2588 movere
862 2526 951 2588 meis.

253 2633 419 2718 Confiteor,
437 2633 471 2695 si
481 2633 564 2714 quid
568 2632 702 2717 prodest
715 2632 832 2695 delicta
835 2632 949 2713 fateri
954 2658 968 2707 ,-

184 2742 222 2805 In
237 2762 304 2803 mea
319 2760 401 2802 nura
415 2739 540 2800 demens
553 2739 814 2820 crt’minafassus
827 2759 871 2804 aa.

73 2862 91 2927 5
148 2848 221 2920 Odi,
242 2869 296 2912 nea
303 2857 433 2931 possum
447 2846 576 2930 cupiens
591 2866 650 2907 nan
664 2844 825 2928 essequod
837 2844 892 2908 aaz·
905 2869 916 2906 .-

184 2954 280 3020 Heu!
293 2974 386 3037 quam
400 2973 470 3035 quae
481 2952 611 3016 studeas
621 2962 738 3039 ponere
742 2952 841 3032 ferre
850 2970 958 3037 grave
971 2955 1043 3016 est!

144 3063 230 3125 Nam
244 3061 359 3124 desunt
374 3059 462 3121 vires
475 3059 520 3121 ad
532 3080 580 3120 me
594 3058 679 3120 mihi
681 3058 800 3142 jusque
815 3055 992 3143 regendum
1002 3083 1016 3132 ,·

183 3167 327 3249 Auferor
340 3172 377 3228 ut
391 3165 506 3251 rapida
520 3164 638 3228 concita
649 3165 767 3248 puppis
779 3185 874 3246 aqua.
966 3216 969 3223 .

144 3277 216 3339 Nau
230 3281 278 3337 est
292 3278 376 3336 certa
391 3291 472 3335 meas
484 3272 670 3354 queeforma
686 3271 802 3333 enve'tet
815 3290 938 3333 amores
947 3295 960 3346 ,·

55 3399 91 3445 10
181 3360 317 3444 'Centum
331 3385 407 3441 sunt
420 3399 524 3442 causa
536 3399 597 3441 cur
608 3398 666 3460 ege
679 3388 803 3462 semper
815 3397 927 3442 amem.

144 3487 172 3550 S
173 3489 224 3551 ive
236 3487 347 3570 aliqua
361 3493 408 3549 est
420 3486 522 3549 ocules
536 3484 570 3547 e'n
584 3505 616 3547 se
630 3483 755 3566 dejecta
769 3484 928 3556 modestes,

189 3593 283 3670 Uror,
299 3598 332 3656 et
347 3591 476 3656 insidia
489 3597 566 3654 sunt
573 3590 680 3675 pudor
695 3591 751 3654 ille
766 3611 842 3654 meae
852 3616 865 3666 ,·
