2648 4470
204 300 245 365 3⁰
602 295 848 347 steteramus

1018 422 1214 436 ——u-n-

246 550 426 614 Exanimes
437 555 532 617 artus
544 555 576 612 et
588 551 727 614 membra
741 549 912 613 trementia
928 549 1018 633 uidi,¹
1108 620 1112 627 4

290 657 332 721 Ut
344 678 414 720 cum
422 657 575 741 populeas
589 658 727 720 uentilat
740 677 824 720 aura
838 677 950 730 comas,

250 765 291 828 Ut
305 765 374 827 leui
383 763 532 848 Zephyro
541 765 686 849 gracilis
700 765 851 829 oc'bratur
862 763 998 838 arundo,

112 948 114 952 μ
154 885 192 950 55
283 869 457 933 Summave
469 891 540 935 cum
554 869 658 954 tepido
671 870 857 954 stringetur
872 869 959 939 unda
972 871 1067 937 Noto.
1173 916 1176 923 -

244 976 472 1062 Suspensaeque
485 977 544 1043 deu
557 978 844 1061 locrc’rnaefluuere
852 987 917 1062 per
929 997 995 1053 ora,

285 1085 440 1167 Qualiter
451 1085 570 1169 abjecta
583 1085 622 1149 de
636 1086 711 1165 uiae
724 1091 834 1163 manat
849 1104 945 1168 aquo.

248 1192 279 1253 Τ
274 1213 335 1255 unc
347 1212 405 1277 ego
416 1212 465 1257 me
473 1193 619 1276 priunum
630 1193 712 1277 cupi
721 1192 845 1257 sentire
856 1197 1017 1263 nocentem
1030 1216 1042 1254 .·

282 1298 431 1381 Sanguis
443 1306 519 1375 erat
529 1299 682 1373 latrone,
698 1320 780 1382 quas
793 1298 894 1363 dabat·
903 1299 973 1373 illa,
984 1317 1092 1371 meus.

152 1406 191 1471 60
250 1405 312 1467 Ter
324 1410 428 1467 tamen
441 1406 620 1488 antepedes
635 1407 726 1469 uolui
729 1405 936 1489 procumbere
947 1403 1085 1488 supplex
1100 1424 1110 1468 .·

288 1511 319 1574 T
313 1533 351 1574 er
353 1511 555 1595 formidatas
569 1513 711 1596 reppulit
726 1513 786 1577 illa
799 1532 924 1587 mouns.

245 1621 290 1683 At
303 1626 340 1687 tn
354 1639 392 1687 ne
405 1618 515 1685 dubito
530 1621 668 1699 (minuet
681 1619 826 1697 uindicta
840 1618 994 1697 dolorem)

283 1727 443 1790 Protinus
457 1725 492 1787 iu
507 1726 616 1789 uultus
631 1725 796 1809 unguibus
811 1726 862 1789 ire
877 1705 957 1787 uaeas
966 1748 978 1798 ,·
1088 1762 1094 1773 „

243 1834 313 1896 Nec
326 1833 446 1899 nostris
459 1833 560 1897 oculis
574 1853 629 1896 uec
643 1832 765 1896 uostris
772 1842 872 1915 parce
884 1830 1016 1915 capillis
1034 1853 1043 1892 :

152 1941 191 2018 65
286 1940 466 2027 Quamlibet
480 1939 628 2024 c‘ufirmas
641 1938 777 2024 adjuvat
789 1940 844 2001 ira
859 1957 973 2001 manus
982 1961 995 2013 ,·

244 2048 335 2112 Neve
349 2049 414 2111 mei
423 2048 554 2113 sceleris
567 2053 633 2110 tana
645 2047 763 2122 tristia
775 2045 876 2130 sigua
889 2027 1063 2128 supersint,

285 2155 374 2218 Pone
388 2154 608 2237 recompositas
623 2154 659 2217 iu
670 2153 804 2217 statcone
817 2156 944 2216 comas!

161 3191 165 3196 t
356 3129 397 3181 ST
412 3116 556 3198 quartam
572 3117 588 3197 (
587 3115 774 3198 quicumque
788 3113 870 3175 uolet
884 3129 1067 3194 cognoscere
1081 3108 1200 3183 lenam,

213 3130 347 3408 Q
375 3223 499 3286 Audeat
510 3223 537 3302 t)
551 3229 600 3284 est
612 3221 756 3304 quedam
771 3218 894 3282 nomine
912 3218 1035 3300 Dipsas
1047 3235 1142 3278 auus.

355 3332 390 3394 E
390 3352 413 3392 x
427 3351 464 3392 re
479 3349 586 3391 nomeu
600 3328 692 3391 habet
706 3354 716 3390 :
732 3326 831 3408 nigri
842 3346 902 3388 uon
919 3324 980 3387 illa
989 3329 1161 3406 parentem

290 3436 470 3499 Memnonis
483 3437 518 3499 in
533 3434 632 3497 roseis
645 3434 751 3497 sobria
767 3432 853 3495 vadet
866 3432 967 3515 equis.

181 3560 198 3625 5
251 3545 316 3607 Illa
330 3564 443 3628 magas
456 3549 544 3606 artes
558 3542 716 3622 AEeeaque
729 3539 875 3603 carmina
891 3538 987 3612 novit,
1029 3541 1033 3547 '

291 3650 392 3733 Inque
404 3656 497 3734 caput
512 3649 653 3732 liquidas
667 3653 737 3710 arte
752 3651 905 3709 recurvat
918 3664 1039 3727 aquas,-
