2648 4470
206 304 244 369 ²8
609 332 860 383 unsnenmus

208 449 569 472 *κω-.-

244 576 328 642 Ante
341 601 421 644 meos
433 582 578 647 humeris
592 587 704 649 vellem
718 587 866 650 cecidisse
879 589 1016 650 lacertos
1032 609 1042 650 .·

288 684 421 752 Utiliter
429 691 526 774 potui
529 699 628 775 parte
641 714 752 756 carere
766 695 846 768 mei;

245 792 284 855 ln
299 814 366 856 mea
381 817 513 861 vesanas
528 799 629 862 habui
639 799 808 884 dispendeu
822 801 921 870 vires,

152 907 190 974 25
283 902 332 965 Et
346 904 440 968 valui
446 924 569 989 poenam
579 906 683 985 fccrtis
698 909 732 969 in
748 908 814 990 ipse
828 927 939 970 meant

247 1008 336 1090 Quid
350 1012 434 1076 milei
444 1013 610 1087 nobiscum,
628 1014 726 1077 cedis
739 1014 954 1097 scelerumque
967 1014 1149 1077 ministret

283 1117 399 1183 Debita
412 1121 583 1204 sacrilege
597 1121 704 1184 nencla
717 1121 821 1184 subite
836 1141 948 1183 manns
958 1125 973 1183 l

245 1226 307 1300 An,
324 1227 359 1290 si
364 1229 544 1312 pulsassem
558 1228 727 1291 minimum
741 1228 781 1290 de
790 1227 881 1310 plebe
895 1227 1070 1308 Quiritem,

284 1334 454 1399 Plecterer
468 1358 478 1397 :
495 1336 529 1398 in
542 1334 702 1398 dominam
710 1336 773 1417 jus
787 1334 871 1396 miln‘
884 1333 989 1417 majus
1003 1334 1093 1397 eritl

153 1448 192 1511 30
244 1441 392 1505 Pessima
411 1440 550 1523 Tydides
561 1442 716 1506 scelernm
730 1447 926 1504 monumenta
940 1440 1076 1525 reliquit
1092 1461 1116 1503 :·
1180 1474 1183 1478 ·

283 1547 344 1612 Ille
356 1549 446 1611 deam
456 1549 586 1632 prensus
593 1549 739 1633 perculit
752 1575 764 1614 .·
777 1549 863 1610 alter
875 1568 935 1632 ego
944 1552 959 1610 !

245 1655 292 1718 Et
305 1655 412 1719 minus
426 1655 484 1719 elle
498 1675 606 1720 nocens
621 1677 632 1720 .·
647 1656 736 1731 mn'lzi,
755 1676 848 1740 quam
857 1654 1036 1739 profitebar
1048 1674 1171 1730 amare,

286 1765 377 1828 Lesa
390 1769 446 1837 est,
469 1761 611 1846 Tydides
624 1782 731 1825 senus
746 1762 779 1825 in
794 1761 972 1842 hostefuit.

244 1870 265 1933 l
275 1890 366 1942 nnnc,
384 1868 571 1952 magnificos
585 1869 688 1932 nc’ctor
700 1869 814 1932 molire
827 1867 1012 1952 triumphos,

153 1987 190 2052 35
283 1977 390 2062 Cinge
402 1997 518 2040 comam
532 1977 624 2040 lauro
638 1983 770 2059 votaque
784 1974 882 2038 redde
896 1974 985 2054 Joni,

247 2085 386 2167 Quaeqne
400 2090 469 2147 tuos
481 2103 600 2149 currus
612 2083 779 2146 comitatus
791 2080 887 2145 turba
900 2087 1053 2163 sequetur

284 2191 408 2254 Clamet
423 2213 432 2254 :
448 2212 467 2254 <s
481 2189 630 2272 Iotferti
639 2190 725 2253 uicta
736 2190 844 2273 puella
858 2190 931 2251 nc'ro
943 2192 1012 2251 est!
1027 2208 1045 2248 s

244 2298 330 2360 Ante
342 2303 393 2359 eat
405 2295 501 2380 effuso
514 2296 625 2359 tristis
637 2296 764 2380 captiva
777 2296 900 2380 capillo,

285 2404 329 2467 Si
338 2403 481 2466 sinerent
494 2404 586 2476 lesu,
604 2402 742 2466 candida
756 2409 829 2475 tota,
844 2422 949 2485 gente.

153 2519 193 2582 40
245 2509 365 2593 Aptius
379 2508 668 2591 nncpressc'ssuerat
681 2510 787 2572 livere
800 2508 938 2580 labellus,

288 2615 334 2678 Et
346 2615 421 2679 collo
434 2614 550 2679 blandi
560 2616 667 2679 dentis
680 2616 796 2679 habere
809 2621 923 2678 notam.

246 2721 400 2806 Denique,
419 2723 453 2784 si
462 2722 586 2785 tumidi
597 2723 667 2785 ritu
681 2721 838 2786 torrentis
850 2721 980 2805 agebar,
1010 2707 1011 2710 ¹

286 2830 314 2892 C
313 2850 433 2913 aecaqne
448 2849 496 2892 me
505 2829 784 2913 predamfecerut
798 2829 851 2891 ira
864 2848 964 2899 suam,

245 2935 360 2997 Nonne
372 2933 455 2997 satis
457 2934 577 3015 fuerat
590 2934 715 2996 tinn'dae
729 2934 917 2997 inclamasse
926 2934 1053 3018 puellae,

152 3053 192 3119 45
285 3043 353 3105 Nec
368 3040 503 3106 ninnium
518 3039 649 3123 rigidas
662 3039 837 3102 intonuisse
850 3039 966 3110 minas,

245 3151 313 3213 Ant
326 3147 466 3210 tunicam
479 3167 600 3209 summa
615 3145 768 3209 deducere
782 3145 926 3228 turpiter
939 3164 995 3207 cra

285 3254 339 3317 Ad
352 3254 513 3318 mediant
526 3253 638 3317 medie
650 3272 728 3316 cona
742 3253 870 3315 tulisset
882 3261 979 3335 opem.

245 3362 291 3427 At
305 3382 387 3425 nunc
400 3361 550 3434 sustinui,
569 3360 674 3444 raptis
687 3379 707 3421 a
711 3360 827 3442 fronte
840 3358 979 3441 capillis,

285 3467 430 3532 Ferreus
445 3468 602 3552 ingenuas
616 3486 723 3550 ungue
737 3473 847 3530 notare
856 3484 971 3549 genas.

156 3589 194 3654 50
245 3574 387 3641 Adstitit
401 3574 463 3638 illa
476 3594 584 3637 amens
597 3573 667 3637 albo
679 3579 710 3636 et
722 3574 793 3636 sine
806 3572 966 3655 sanguine
980 3569 1084 3647 nnltn,

286 3681 464 3748 Celantur
476 3681 595 3746 Pariis
608 3681 718 3768 qualia
732 3701 811 3744 saxa
818 3679 927 3765 jugis.
