2648 4470
188 334 244 405 180
581 350 845 405 UBERTERTlUS

226 608 308 671 Ossa
321 608 436 690 quieta,
450 619 572 690 precor,
590 615 660 672 tuta
675 610 861 692 requiescite
875 611 909 672 in
924 632 1019 685 urna,

263 714 310 776 Et
322 715 368 777 sit
381 715 497 777 humus
510 715 618 778 cineri
629 737 688 780 non
701 737 829 779 onerosa
843 723 917 781 tuo!

323 1686 422 1735 ΝΝυΑ
437 1679 596 1736 uenerunt
612 1673 758 1738 Cerealis
770 1680 912 1758 tempora
925 1675 1018 1739 socri
1028 1703 1039 1740 .·

181 1681 318 1960 ᾖ
341 1779 477 1842 Secubat
491 1780 525 1842 in
538 1799 635 1844 auno
647 1781 714 1843 sola
722 1780 836 1864 puella
848 1787 928 1846 toro.

320 1887 354 1951 F
354 1887 429 1950 lava
442 1885 547 1958 Ceres,
566 1893 675 1949 tenues
688 1888 787 1970 spicis
800 1886 954 1952 redinn'ta
969 1889 1109 1970 capillos,

260 1992 288 2056 C
289 2015 331 2056 ur
346 1993 471 2057 inhibes
483 1993 588 2058 sacris
601 1993 755 2056 commoda
768 2001 878 2057 nostro
893 1996 982 2060 tuist

147 2123 165 2186 5
224 2099 273 2173 Tc,
291 2100 359 2173 deo,
377 2099 559 2184 munificam
570 2105 685 2184 gentes
698 2100 874 2185 ubiquaque
888 2101 1070 2184 loquuntur,

258 2207 329 2270 Nec
341 2206 449 2269 minus
462 2206 612 2269 humanis
628 2207 752 2270 r‘noo’det
765 2207 835 2270 ulla
850 2208 947 2274 bonis.

224 2319 310 2383 Ante
322 2333 377 2376 nec
391 2313 519 2375 hirsuti
528 2311 691 2375 torrebant
693 2313 800 2396 farra
814 2315 921 2387 coloni,

259 2423 327 2486 Nec
342 2426 448 2481 notum
462 2419 568 2481 terris
580 2440 657 2482 area
672 2439 781 2481 nomen
794 2428 888 2494 erat,-

219 2528 287 2594 Sed
294 2525 449 2610 glandem
463 2545 607 2607 quercus,
626 2526 755 2588 oracula
765 2527 884 2608 pri'ma
892 2526 1049 2608 ferebant
1063 2547 1073 2590 :

130 2656 166 2698 ιο
260 2635 341 2699 Hae
354 2636 425 2696 erat
437 2637 470 2695 et
481 2631 588 2694 teneri
598 2632 738 2715 coespitis
751 2632 849 2695 herba
864 2633 963 2697 cibus.

219 2741 339 2805 Prima
352 2737 450 2802 Ceres
463 2736 568 2801 docuit
580 2742 764 2822 turgescere
777 2759 881 2802 semen
897 2740 931 2802 in
944 2740 1050 2823 agris,

200 2841 203 2846 ⁴
258 2847 359 2912 Falce
372 2844 529 2909 coloratos
542 2845 763 2926 subsecuitque
776 2866 898 2920 comas,·

218 2954 338 3018 Primo
346 2952 449 3034 jugis
462 2956 571 3014 lauros
583 2952 852 3034 supponereeolla
866 2952 978 3036 coegit,

259 3059 307 3124 Et
320 3066 455 3124 ueterem
469 3079 567 3123 curuo
581 3057 672 3120 dente
687 3058 819 3120 revellit
831 3058 971 3122 humum.

130 3185 164 3248 15
218 3167 313 3231 Hanc
327 3166 493 3249 quisquam
507 3164 656 3227 lacrimis
670 3165 784 3227 laetari
793 3164 899 3229 credit
911 3172 1083 3237 amantum,

259 3271 307 3336 Et
321 3272 395 3335 bene
407 3271 573 3335 tormentis
586 3270 789 3354 secubituque
802 3271 888 3336 colit

218 3381 287 3444 Nec
300 3386 406 3442 tomen
417 3386 475 3453 est,
491 3378 639 3460 quamuis
652 3398 751 3461 agros
764 3383 848 3440 amet
861 3377 1064 3459 illaferaces,

257 3486 405 3561 Rustica,
422 3506 478 3547 nec
492 3485 625 3546 viduum
636 3489 746 3567 pectus
759 3484 879 3546 amoris
892 3484 992 3549 babet.

219 3594 330 3655 Cretes
343 3600 440 3654 erunt
452 3574 546 3653 testes
562 3595 631 3668 (nec
635 3589 776 3674 fingunt
790 3591 894 3653 omnia
909 3590 1043 3672 Cretes),

123 3719 165 3766 20
258 3698 366 3780 [Crete
380 3699 505 3761 nutrito
517 3705 608 3760 terra
621 3680 755 3785 superba
773 3699 856 3775 Jove
870 3724 880 3759 .-
