2586 4454
569 347 671 398 um
691 344 878 399 SECUNDUS

819 933 838 975 s

701 981 824 1088 us

236 1494 291 1546 ,ε
290 1487 319 1527 η
338 1458 466 1533 umitu',
484 1463 522 1522 tu
534 1462 626 1532 corte,
644 1457 784 1531 memus}
803 1455 959 1533 Grucrbse,
977 1457 1118 1541 negatas

133 1583 142 1600 ’
217 1532 234 1559 ⁰
201 1520 325 1706 [ἐν
359 1564 426 1628 Uno
432 1573 525 1650 posse
536 1563 675 1648 aliquem
689 1569 827 1648 tempore
837 1582 949 1632 amore
960 1559 1066 1639 duos

201 1672 228 1735 k
225 1662 409 1735 <7
421 1677 454 1735 te
465 1691 524 1756 ego
536 1670 686 1755 decipior
697 1676 805 1756 perte
817 1669 1024 1756 deprensus
1007 1671 1152 1745 meroris,

276 1777 453 1845 Ecceduos
467 1777 800 1862 unoteuporoturpos
814 1795 894 1844 omo.
1092 1811 1093 1814 ¹
1173 1798 1209 1869 ff

161 1900 198 1966 51
237 1885 534 1971 Utraquesormoso
548 1890 603 1960 est,
621 1893 756 1969 operosae
767 1883 905 1949 cultibus
918 1883 1037 1950 aurbu.-

275 1993 412 2057 Artibus
427 1992 461 2056 iu
476 1990 569 2056 dubio
581 1998 630 2055 est
643 1989 711 2056 3333
720 1991 766 2055 333
779 2010 820 2055 au
836 1991 898 2056 iliu
908 1991 1005 2076 prior
1012 2015 1025 2064 ,-

237 2100 418 2165 Pulchrior
430 2098 490 2164 tac
503 2100 564 2163 illa
576 2105 633 2172 est,
651 2097 718 2162 buc
729 2105 778 2163 est
790 2116 909 2183 quoque
917 2096 1087 2183 pulchrior
1101 2095 1164 2160 iliu
1172 2121 1186 2171 ,·
1205 2097 1207 2102 ’

276 2207 324 2269 Et
335 2207 442 2291 magis
455 2206 520 2271 baec
534 2204 628 2280 uobis,
646 2209 678 2269 33
689 2205 798 2289 magis
812 2204 874 2282 illo
884 2205 998 2289 placet.

233 2315 366 2377 Errant
380 2318 415 2375 ut
428 2314 532 2375 uentis
546 2310 748 2375 discordibus
760 2317 830 2374 octa
838 2311 994 2394 phaselos,

147 2435 182 2480 10
275 2417 519 2501 Dividuumque
532 2423 638 2482 teuent
650 2418 738 2482 alter
750 2425 783 2480 33
795 2418 882 2481 ulter
893 2437 992 2481 amor.

237 2525 329 2608 Quid
336 2525 495 2609 geminos,
513 2526 547 2588 E
548 2525 671 2608 ryciuo,
688 2544 770 2589 meos
782 2523 930 2608 siuefiue
941 2519 1095 2587 dolores?

275 2633 349 2695 Nou
363 2625 483 2694 eratin
497 2652 594 2694 curas
608 2652 671 2695 uno
678 2631 792 2714 puello
808 2630 920 2694 satis?

238 2738 330 2821 Quid
330 2737 420 2820 folia
433 2738 610 2811 arboribus,
627 2737 709 2823 quid
713 2737 809 2820 pleno
821 2736 932 2800 sidero
946 2736 1032 2810 33333,

211 2913 213 2918 A
274 2843 312 2908 Iu
317 2847 415 2926 freto
428 2845 574 2909 collectas
585 2845 654 2908 3333
667 2843 750 2926 quid
760 2842 856 2907 addis
868 2842 999 2926 aquas?

149 2966 182 3030 15
238 2952 307 3016 'Sed
318 2957 422 3015 tamon
436 2951 491 3015 boc
504 2952 621 3015 meli'us
634 2971 728 3033 quom
741 2949 852 3013 sisino
865 2948 1119 3034 amorejucerem
1136 2966 1146 3010 :

278 3057 430 3121 Hostibus
443 3058 570 3122 3333333
583 3058 650 3121 uita
662 3076 776 3120 seuera
789 3056 868 3119 mois
877 3081 892 3131 ,·

238 3165 394 3229 Hostibus
407 3165 533 3228 eueniat
546 3163 643 3227 333333
655 3163 798 3227 dormire
809 3162 918 3237 cubili,

277 3271 325 3334 Et
338 3271 439 3334 medio
453 3272 529 3334 laxe
538 3281 655 3359 ponere
668 3271 806 3335 membra
820 3276 887 3333 toro
898 3289 910 3344 ,·

237 3377 283 3440 At
296 3378 382 3441 mibi
391 3398 495 3440 saeous
508 3399 598 3440 amor
610 3397 729 3440 somnos
742 3378 912 3460 abrumpat
927 3376 1056 3448 iuertes,

143 3501 182 3545 20
277 3485 413 3568 Simque
428 3486 494 3548 mei
504 3485 584 3549 lecti
595 3506 653 3547 non
668 3506 725 3568 ego
738 3484 822 3547 solus
837 3503 915 3546 onus
926 3508 940 3559 ,-

157 3608 161 3613 ’
233 3593 289 3654 Me
303 3611 370 3653 meo
384 3592 552 3675 disperdat
566 3591 653 3654 nullo
664 3591 854 3674 probibente
860 3589 983 3674 puella,

269 3696 316 3759 Si
326 3698 407 3761 sutis
422 3719 485 3761 uua
494 3704 595 3783 potest
603 3723 615 3772 ,·
630 3698 783 3761 siminus
797 3717 868 3772 una,
887 3694 994 3758 duee!

44 4062 204 4184 ἢ
