2648 4470
212 309 269 357 sno
583 306 685 357 ussa
705 305 893 358 secessus
1181 296 1270 378 [xvn

246 559 362 644 Siqua
376 561 442 623 mei
451 567 557 623 lamen
570 567 617 623 est
631 561 666 622 in
679 567 710 623 te
718 561 777 644 pia
790 582 870 624 cura
885 561 1001 634 relicti,

284 667 392 750 Incipe
402 668 559 750 pollicitis
572 667 692 730 addere
702 668 790 744 faeta
804 669 881 742 tuis,

245 777 418 859 Parvaque
431 775 668 858 quamprimum
683 776 882 859 rapientibus
894 776 1002 841 esseda
1016 779 1159 852 mannes,

153 897 192 964 50
284 880 356 966 Ipsa
364 891 428 965 per
439 882 597 944 admissas
605 889 729 946 concute
739 883 809 945 lora
817 882 920 966 jaoas
934 893 946 949 Ι

244 989 290 1053 At
305 1010 365 1062 uos,
384 1011 445 1073 qua
460 990 571 1061 ueniet,
589 990 718 1061 tumidi,
735 989 902 1064 subsidite,
920 997 1050 1066 montes,

284 1097 333 1162 Et
336 1096 458 1175 faciles
470 1097 581 1161 curuis
595 1098 737 1161 uallibus
748 1104 821 1172 este,
839 1097 929 1163 arcet

346 2079 355 2128 ι
369 2065 444 2148 quis
455 2064 521 2128 erit
534 2063 594 2148 qui
604 2068 698 2147 turpe
705 2070 801 2148 putet
812 2024 942 2127 seruire
952 2062 1082 2148 puella,

204 2071 339 2338 Q
365 2171 426 2234 Illo
439 2169 729 2253 convinearjudiee
742 2170 851 2254 turpis
862 2190 921 2254 ega
930 2196 943 2245 ,·
1001 2198 1021 2226 s

205 2286 238 2333 Q

331 2278 372 2342 ··S
372 2280 417 2341 im
431 2279 506 2342 licet
520 2278 661 2360 infamis,
680 2276 756 2339 dum
770 2297 818 2340 me
832 2277 1029 2341 moderatius
1045 2283 1126 2342 urat

282 2387 363 2467 Qaae
375 2385 510 2468 Paphon
523 2391 554 2448 et
557 2385 666 2468 fluctu
675 2385 770 2468 pulsa
785 2384 814 2447 C
813 2384 930 2463 ythera
943 2390 1040 2449 tenet.

169 2507 187 2570 5
241 2492 348 2576 Atque
362 2493 486 2555 utinam
499 2492 634 2555 dommac
648 2492 727 2554 miti
736 2512 854 2575 qaoque
862 2491 1140 2577 prndofucssem,

280 2599 442 2662 Formosae
454 2601 600 2683 quoniam
610 2599 724 2682 praeda
733 2599 873 2679 futurus
884 2607 999 2663 eram!
1086 2632 1089 2639 ·

239 2707 308 2771 Dat
310 2691 419 2790 facies
433 2708 554 2771 animos
565 2728 575 2771 :
580 2707 673 2787 facie
687 2706 826 2769 uiolenta
845 2705 987 2770 Corinna
1000 2711 1071 2781 est,·

279 2815 336 2879 Me
349 2815 501 2878 miserum
514 2823 524 2878 !
538 2836 597 2879 cur
610 2819 657 2878 est
671 2820 735 2875 tom
750 2814 825 2877 bene
839 2818 910 2876 nata
919 2811 986 2876 sibi
993 2815 1013 2877 l

158 2937 160 2941 ‘
237 2923 370 2988 Scilicet
377 2944 398 2986 a
411 2923 533 3007 speculi
542 2927 718 2984 sumuntur
732 2920 877 3004 imagine
880 2919 1003 2998 fastus,

151 3049 187 3096 10
279 3030 349 3094 Nec
362 3029 432 3093 nisi
441 3029 641 3112 compositam
655 3027 796 3110 seprius
811 3026 871 3089 illa
881 3025 978 3088 ardel.

240 3140 323 3212 Nou,
341 3138 405 3201 tibi
414 3137 449 3199 si
449 3136 558 3218 facies
572 3135 707 3197 nimium
719 3135 776 3197 dat
791 3134 825 3196 in
839 3132 945 3196 amnia
959 3131 1068 3216 regni,

282 3246 423 3327 Osacz‘es
436 3245 537 3308 oculos
551 3249 626 3307 nata
640 3248 746 3306 tenere
761 3250 864 3305 meos!

243 3354 402 3418 Collatum
418 3352 536 3425 ideirco
550 3351 614 3414 tibi
624 3370 672 3412 me
685 3356 880 3414 contemnere
894 3346 1005 3412 debes:

279 3461 402 3544 Aptari
412 3459 543 3542 magnis
558 3456 718 3540 e'ufhrzora
731 3456 817 3519 licet.

84 3609 86 3615 ,
153 3581 187 3647 15
223 3538 405 3631 ‘Traoour
417 3572 447 3630 et
461 3565 596 3650 nymplze
610 3563 758 3626 mortalis
772 3583 878 3625 amore
895 3561 1031 3646 Calypso

284 3677 383 3759 Capta
398 3681 594 3738 recusantem
609 3671 785 3768 detinuisse
798 3670 907 3732 uirum
915 3690 928 3747 ;
