2648 4470
197 344 252 409 17»,
575 306 846 390 'sinuessanus

231 596 302 675 Qua
317 596 400 666 licct,
417 593 548 677 affectas
559 595 672 657 celum
686 615 807 677 quoque
823 616 832 658 :
848 592 964 675 templa
980 584 1151 674 Quirinus,

268 701 373 775 Liber,
391 707 421 763 et
434 701 575 773 Alcides,
595 707 626 763 et
639 702 725 763 ruodo
740 702 767 764 C
767 721 853 763 aesar
867 700 994 763 babent.

229 809 389 871 Eruimus
402 814 494 871 terra
507 808 644 871 solidum
653 819 716 891 pro
719 809 884 892 frugibus
897 808 1036 884 aurum,-

267 906 416 979 Posside't
431 915 576 977 inventas
589 915 749 999 sanguiue
764 914 857 978 miles
870 926 950 998 opes.

135 1043 172 1106 55
228 1022 331 1086 Curia
338 1021 537 1106 pauperibus
550 1023 659 1084 clausa
673 1029 740 1096 est,·
755 1022 811 1085 dat
824 1043 936 1085 census
950 1021 1081 1085 bonores
1090 1045 1104 1094 ,·

266 1128 344 1192 lude
352 1128 474 1212 gravis
481 1128 600 1210 judex,
621 1130 694 1192 iude
707 1136 838 1192 seuerus
852 1149 957 1211 eques.

228 1237 347 1302 Omnia
355 1236 539 1318 possideant
544 1262 558 1310 ,·
573 1237 647 1297 illis
661 1235 862 1320 Campusque
865 1235 1042 1317 farumque

265 1343 408 1418 Serviat,
424 1342 464 1404 bi
468 1353 578 1425 pacem
591 1343 754 1424 crudaque
769 1342 851 1405 bella
862 1348 1009 1425 gerant:
1134 1383 1139 1388 -

231 1450 262 1514 T
256 1457 367 1513 autum
381 1469 419 1511 ue
433 1454 555 1511 uestros
567 1448 664 1510 auidi
674 1449 837 1511 liceantur
850 1469 980 1522 amares,

134 1561 173 1623 60
266 1558 315 1620 Et
330 1557 425 1635 (satis
437 1558 496 1637 est)
512 1555 640 1638 aliquid
648 1556 804 1639 pauperis
818 1576 885 1618 esse
898 1556 1034 1618 scuaritt

225 1666 272 1728 At
285 1684 376 1737 nunc,
393 1669 534 1747 exaequet
547 1663 679 1725 tetricas
692 1664 707 1724 l
709 1663 768 1726 icet
783 1663 845 1725 illa
859 1662 887 1724 S
887 1661 1011 1737 abinus,

265 1772 407 1854 Imperat
421 1777 457 1832 ut
470 1775 575 1853 captae,
594 1771 655 1851 qui
665 1769 745 1832 dare
759 1769 861 1831 multa
869 1775 985 1852 potest.

224 1881 280 1944 Me
288 1878 435 1963 probibet
449 1884 560 1950 custos,
581 1878 615 1938 iu
630 1898 678 1938 rue
692 1877 786 1939 timet
801 1876 864 1938 illa
879 1876 1035 1938 maritum
1052 1898 1061 1936 :

264 1986 308 2050 Si
318 1985 470 2058 dederim,
489 1991 554 2046 tota
566 1983 653 2046 cedet
666 1989 801 2065 uterque
815 1982 910 2044 domo.

133 2098 171 2176 65
227 2093 304 2156 Osi
315 2092 456 2176 neglecti
466 2090 630 2176 quisquam
646 2091 723 2154 deas
737 2092 823 2152 ultor
836 2089 987 2162 amantis,

269 2201 346 2262 Tam
360 2200 443 2263 male
455 2199 607 2281 quesitas
614 2198 752 2282 pulvere
766 2203 865 2261 mutet
879 2205 950 2280 opes
964 2205 976 2259 l

329 3172 479 3225 ΕΜΝΟΝΑ
492 3159 528 3221 si
537 3163 649 3230 mater,
670 3163 774 3219 mater
781 3154 927 3239 ploravit
942 3153 1113 3227 Achillem,
1138 3188 1143 3209 ,

192 3165 325 3447 Q
347 3269 394 3331 Et
406 3271 547 3351 tangunt
560 3284 695 3348 magnas
709 3263 823 3326 tristia
828 3263 908 3342 fata
923 3260 1008 3336 deas,

327 3375 468 3440 Flebilis
483 3372 644 3456 indignos,
665 3371 811 3454 Elegeia,
829 3369 915 3432 solue
931 3351 1085 3451 capillos?

265 3482 340 3544 Ab!
355 3481 454 3543 uiruis
467 3501 507 3541 ex
521 3498 595 3541 uera
610 3499 693 3540 nuuc
706 3476 769 3539 tibi
780 3497 888 3539 uomcn
903 3475 969 3537 erit
985 3496 995 3538 .·

156 3612 173 3673 5
227 3592 290 3654 Ille
303 3591 356 3652 tui
368 3596 457 3651 uates
470 3588 584 3670 operis,
604 3593 660 3648 tua
665 3584 773 3664 fama,
796 3582 947 3645 Tibullus

268 3697 373 3764 Ardet
388 3697 421 3758 in
436 3700 604 3767 exstructo,
624 3701 735 3775 corpus
750 3692 854 3764 inane,
873 3707 960 3771 rogo.
