2648 4470
205 265 260 355 158
509 272 512 279 ·
563 279 696 328 »unse
712 278 863 329 TERTws

238 530 397 592 Flumina
412 529 560 592 deberent
565 532 702 613 juvenes
718 533 752 594 in
767 532 1022 616 amorejuvare5

278 636 435 698 Flumina
450 644 617 698 senserunt
633 641 700 721 ipsa
715 639 798 721 quid
808 647 890 702 esset
902 660 1016 702 amor:

149 761 186 823 25
240 743 377 805 Inachus
393 743 427 804 in
442 743 540 806 Melie
554 729 737 824 Bithynide
745 746 894 829 pallidus
909 749 971 809 isse

281 849 428 926 Dicitur,
445 856 475 912 et
484 852 612 933 gelidis
627 853 796 914 incaluisse
811 854 905 915 uadi's
915 879 929 928 ,·

240 955 390 1018 Nondum
410 956 440 1018 T
436 957 509 1038 roja
512 957 589 1038 fuit
604 959 720 1021 lustris
733 959 852 1022 obsessa
870 935 996 1033 duobus,

284 1065 363 1127 Cum
380 1065 492 1147 rapuit
505 1067 625 1141 vultus,
642 1066 777 1140 Xanthe,
797 1067 918 1128 Neaera
933 1072 1023 1142 tuos,·

242 1170 360 1252 Quid?
373 1193 433 1233 non
448 1172 591 1254 Alpheon
607 1173 748 1234 diuersis
761 1182 897 1235 currere¹
910 1174 1014 1236 terris

149 1296 188 1359 30
255 1345 258 1353 ,
289 1277 440 1359 Virginis
453 1278 606 1342 Arcadiae
620 1287 725 1341 certus
739 1279 854 1363 adegit
867 1281 986 1342 amor?

246 1383 286 1446 Te
299 1404 420 1466 quaque
427 1385 622 1468 promissam
636 1386 754 1462 Xutho,
770 1387 888 1462 Penee,
906 1387 1061 1450 Creusam
1104 1371 1108 1378 ¹

280 1490 470 1554 Pictlu'etum
485 1493 590 1554 terris
603 1493 776 1556 occuluisse
778 1492 910 1572 serunt.

243 1598 333 1680 Quid
347 1597 485 1678 refieram
500 1601 632 1680 Asopon,
651 1620 740 1683 quem
755 1601 838 1682 cepit
852 1599 981 1663 Martia
999 1598 1111 1673 Thebe,

280 1705 444 1774 Natarum
463 1705 562 1768 Thebe
577 1707 845 1789 quinquefutura
856 1706 1006 1789 parans?

149 1829 187 1892 35
242 1811 371 1874 Cornua
384 1813 419 1874 si
430 1818 484 1875 tua
497 1834 580 1881 nunc
595 1812 653 1875 ubi
662 1813 738 1885 siut,
752 1813 896 1885 Acheloe,
916 1812 1095 1895 requiram,

279 1919 435 1983 Herculis
449 1919 658 2000 iratafracta
672 1940 806 2002 querere
821 1940 917 1982 manu
933 1939 943 1982 :

143 2055 146 2063 ·
242 2026 309 2089 Nec
323 2026 412 2088 tanti
424 2025 569 2108 Calydon
584 2046 639 2090 uec
652 2033 716 2088 tota
730 2025 859 2088 AEtolia
867 2026 972 2100 tanti,

285 2133 353 2195 Una
369 2140 474 2196 tamen
489 2134 576 2195 tanti
588 2133 751 2197 Deianira
755 2132 843 2214 fuit.

241 2239 303 2301 Ille
308 2238 421 2322 fluens
434 2240 526 2302 diaes
539 2245 665 2322 septena
675 2249 739 2323 per
752 2238 833 2302 ostia
849 2239 964 2313 Nilus,

150 2363 190 2424 40
283 2347 353 2426 Qui
357 2334 505 2429 patriam
518 2352 615 2408 tantu
628 2352 692 2409 tam
707 2345 781 2408 bene
794 2346 877 2409 celat
891 2365 994 2428 aquae,

243 2452 368 2515 Fertur
382 2453 417 2514 in
432 2452 568 2515 Euadne
580 2454 738 2516 collectam
757 2452 1062 2536 luopideflcmmam

291 2556 422 2620 Vincere
432 2559 628 2642 gurgitibus
641 2580 700 2621 non
710 2559 852 2642 potuisse
866 2560 960 2633 suis;
981 2570 990 2586 ’·

242 2665 356 2728 Siccus
370 2671 405 2727 ut
417 2666 567 2748 amplecti
577 2665 605 2727 S
605 2665 767 2728 almonida
780 2672 882 2748 posset
896 2667 1050 2750 Enipeus,

284 2773 311 2835 C
311 2772 404 2835 edere
409 2772 517 2856 jussit
530 2793 645 2853 aquam
661 2792 672 2834 :
680 2771 777 2854 jussa
793 2773 924 2835 recessit
938 2791 1031 2854 aqua.

151 2895 189 2958 45
243 2880 311 2943 Nec
326 2886 357 2940 te
366 2886 532 2964 praetereo,
551 2878 614 2960 qui,
628 2888 691 2961 per
704 2899 782 2941 caua
797 2899 876 2941 saxa
891 2878 1047 2957 uolutans,

288 2986 419 3050 'l'iburis
432 2969 709 3068 Argeipomifiera
723 3007 805 3048 arva
820 2986 926 3068 rigas,

244 3094 310 3157 llia
324 3094 380 3156 cui
386 3093 520 3178 placuit,
538 3093 685 3174 quamvis
697 3100 771 3156 erat
784 3092 922 3155 horrida
937 3091 1035 3164 cultu,
1051 3132 1055 3142 ·
1133 3172 1138 3183 Ι

288 3199 402 3283 Ungue
416 3204 521 3261 notata
535 3218 647 3274 caonas,
665 3219 772 3282 ungue
786 3205 892 3262 notata
903 3217 1008 3282 genas
1022 3222 1034 3260 .·
1072 3218 1075 3223 ·

246 3306 319 3378 Illa,
335 3326 466 3389 gemens
473 3305 652 3389 patruique
666 3306 757 3385 nefas
771 3305 949 3389 delictaque
962 3303 1093 3376 Martis,

156 3428 193 3492 50
285 3412 431 3475 Errabat
444 3412 526 3474 nudo
535 3422 598 3495 per
612 3412 676 3475 loca
689 3414 756 3475 sola
765 3413 846 3496 pede
855 3439 868 3488 ,·
886 3455 889 3462 ·
964 3416 970 3427 '

248 3521 340 3583 Hanc
354 3509 460 3584 Anien
476 3520 603 3604 rapidis
615 3519 775 3582 am'mosus
788 3519 874 3582 uidit
887 3518 925 3582 ab
941 3517 1045 3591 undis,

285 3629 459 3709 Raucaque
471 3628 512 3689 de
524 3627 640 3691 mediis
653 3626 789 3690 sustulit
799 3646 858 3690 ora
873 3625 976 3700 uadis,
