2648 4470
221 321 279 384 1²4
595 320 694 370 uaso
711 319 899 372 sscuuous

183 587 201 653 5
254 575 345 657 Saepe
363 592 439 636 meze
452 593 470 635 a
485 572 614 636 tandem
629 594 647 634 ›>
660 572 766 636 diui«
780 574 906 639 discede
920 595 939 638 ›
946 576 1069 659 puella
1083 598 1093 642 .·

293 682 332 745 Iu
342 680 470 764 gremio
484 681 567 743 sedit
575 681 728 764 protinus
743 680 803 745 illa
819 703 904 759 meo‚·

252 786 344 870 Saepe
356 808 375 850 a
384 786 485 870 pudet
498 807 517 849 »
531 787 629 862 doui;
643 786 791 850 lacrimis
805 788 864 851 uix
879 788 940 851 illa
957 790 1116 854 retentis:

292 914 311 957 a
326 893 381 956 Me
394 893 545 957 miseram
556 893 647 977 tjam
660 899 698 967 te,
716 894 814 968 doust,
831 914 942 958 amare
949 895 1109 977 pudett»

251 1000 478 1083 implicuitque
490 1020 563 1064 suos
575 1001 697 1065 circum
711 1008 779 1064 mea
792 1001 873 1064 colla
893 1002 1037 1081 lacertos,
1063 1080 1065 1084 ι

127 1148 130 1154 -
164 1123 199 1168 ιο
290 1108 340 1172 Et
351 1127 423 1191 quae
435 1128 485 1172 me
493 1107 636 1192 perdunt
649 1107 755 1172 oscula
770 1108 859 1172 mille
873 1107 974 1173 dedit.

259 1213 382 1289 Viucor,
398 1221 431 1278 et
445 1215 613 1298 ingenium
625 1216 763 1299 sumptis
777 1220 944 1279 revocatur
955 1215 995 1278 ab
1009 1215 1127 1288 armas,

288 1321 413 1406 Resque
425 1321 514 1385 domi
519 1330 633 1406 gestas
645 1328 677 1386 et
691 1343 758 1386 meo
772 1322 856 1387 bello
869 1343 956 1387 cano.

153 1410 155 1416 λ
250 1428 384 1514 Sceptra
397 1436 502 1493 tameu
515 1429 650 1514 sumpsi,
665 1450 805 1514 curaque
818 1429 981 1514 tragedia
996 1437 1110 1494 nostra

291 1535 319 1599 C
320 1536 413 1611 revit,
432 1543 463 1601 et
476 1536 551 1602 liuto
564 1537 657 1622 operi
667 1537 841 1622 quamlibet
852 1542 948 1623 aptus
960 1557 1050 1603 cram
1066 1564 1077 1602 :

161 1653 196 1721 15
248 1642 342 1710 Risit
353 1644 457 1709 Amor
462 1645 647 1729 pallamque
656 1650 760 1709 'meam
769 1646 933 1730 pictosque
945 1645 1128 1720 cothurnos,

287 1750 483 1836 Sceptraque
490 1753 627 1835 priuata
641 1759 707 1817 tam
720 1753 782 1817 cito
795 1759 922 1836 sumpta
936 1772 1045 1817 manu.

246 1857 336 1923 Hinc
347 1867 467 1943 quo'que
481 1881 530 1922 me
543 1859 678 1923 damma
691 1880 806 1922 numen
820 1859 960 1923 deduxit
974 1859 1107 1942 mique,

157 2004 160 2013 ι
287 1965 398 2049 Deque
412 1967 598 2031 cothurnato
612 1972 685 2030 oute
697 1965 878 2050 triumphat
891 1966 1003 2030 Amor.

248 2073 343 2155 Quod
354 2074 436 2149 licet,
452 2080 509 2137 aut
521 2079 609 2137 artes
622 2073 730 2136 teneri
735 2072 930 2156 profitemur
942 2072 1076 2136 Amoris
1089 2095 1101 2138 .·

156 2192 195 2239 20
286 2179 358 2244 Hei
368 2180 472 2246 milii!
482 2181 653 2266 praeceptis
668 2200 788 2263 urgeor
803 2180 868 2265 ipse
882 2180 961 2244 meis
969 2199 981 2254 ‚·

247 2287 316 2350 Aut
330 2287 415 2369 quod
425 2287 597 2371 Penelopes
611 2287 718 2351 uerbis
733 2286 892 2350 reddatur
915 2285 1014 2350 Ulixi

285 2385 478 2469 Scribimus,
494 2399 524 2455 et
538 2396 700 2467 lacrimas,
718 2393 841 2477 Phylli
853 2393 977 2465 relicta,
994 2398 1080 2469 tuos,

249 2499 341 2579 Quod
352 2500 458 2563 Poris
471 2505 501 2562 et
514 2501 693 2572 Macareus,
711 2505 742 2562 et
754 2498 837 2583 quod
849 2500 932 2562 male
940 2505 1063 2582 gratus
1084 2501 1165 2572 Iaso,

286 2606 516 2691 Hippolytique
523 2617 646 2690 pareus
659 2606 916 2690 Hippolytusque
930 2607 1048 2688 legant,

154 2724 191 2791 25
247 2713 398 2796 Quodque
412 2720 522 2778 teneus
535 2714 684 2777 strictum
699 2713 788 2777 Dido
802 2712 998 2775 miserabilis
1013 2733 1118 2776 ensem

283 2822 408 2892 Dictat,
427 2827 459 2883 et
472 2822 584 2886 Aonia
598 2819 707 2884 Lesbis
719 2820 822 2882 amaea
837 2821 932 2903 lyrae.

246 2928 350 3008 Quom
364 2928 424 2991 cito
438 2927 477 2990 de
490 2935 551 2991 toto
564 2926 665 2990 rediit
679 2947 765 2990 uceus
778 2927 851 2990 orbe
864 2926 892 2988 S
892 2925 1016 2999 abinus,

283 3033 477 3120 Scriptaque
491 3035 635 3099 diversis
650 3034 779 3098 rettulit
795 3033 852 3096 ille
867 3033 943 3096 locis
953 3037 968 3096 !

245 3141 393 3205 Coudo'do
407 3143 563 3227 Penelope
576 3143 709 3224 siguum
723 3141 869 3224 cognouit
888 3139 1002 3202 Ulixis
1011 3163 1025 3214 ;

151 3261 191 3326 30
283 3249 381 3333 Legit
395 3249 433 3311 ab
446 3249 619 3334 Hippolyto
634 3248 755 3332 scripto
770 3267 903 3311 nouerca
916 3266 972 3308 suo
981 3270 994 3321 ,·

244 3355 324 3435 Jam
334 3357 412 3440 pius
425 3357 552 3420 AEueos
566 3357 694 3420 misera
708 3354 876 3437 rescripsit
889 3353 923 3416 E
924 3353 1021 3429 lissa,

284 3464 435 3546 Quodque
449 3465 540 3548 legat
553 3464 699 3547 Ployllis,
717 3461 848 3527 simodo
862 3461 956 3534 uiuit,
974 3461 1088 3538 adest,·

247 3571 368 3634 Tristis
382 3571 427 3635 ad
437 3571 640 3654 Hypsipylen
654 3569 693 3633 ab
707 3570 816 3633 Iasone
832 3569 942 3632 littera
956 3569 1044 3632 venit
1052 3594 1065 3643 ,·

281 3677 349 3749 Det
362 3684 464 3750 aotam
479 3678 594 3747 Ploabo
607 3677 717 3743 Lesbis
731 3682 836 3744 amata
853 3676 971 3764 lyram.
