2648 4470
202 322 245 367 22
609 321 710 368 LIBER
728 320 860 371 missus
965 373 968 377 .

249 573 428 656 Certeegos
439 593 510 635 cum
521 574 626 656 posita
639 579 746 636 stares
758 575 804 636 ad
815 575 949 638 onem
963 583 1058 649 veste,
1164 565 1167 568 ’

153 696 193 742 20
285 679 342 742 Ad
351 678 510 742 dominam
518 687 582 761 pro
595 671 628 741 le
640 681 738 743 uerba
751 686 905 744 tremente
917 683 1005 756 tult'f
1064 707 1069 714 ·
1138 702 1143 773 j

245 788 279 852 E
280 807 341 871 rgo
354 804 425 868 que
438 787 546 848 valuit
553 796 616 870 pro
628 790 659 849 te
671 805 792 869 quoque
800 789 919 870 grotta
932 789 1098 870 quondam,
1156 802 1160 811 ’

285 893 358 956 Heu
361 893 499 975 facinus
508 903 521 958 t
528 903 591 977 pro
604 914 653 957 me
665 913 750 956 nunc
762 895 851 956 valet
864 895 923 957 itta
932 905 1053 978 porum
1066 899 1085 960 l

244 1000 354 1065 Redde
367 1001 466 1063 aecem
480 1000 610 1063 meretis
625 1021 636 1063 .·
646 1006 746 1084 grato
760 1000 833 1063 licet
845 1020 920 1075 esse,
938 1003 1022 1083 quod
1033 1009 1131 1086 optas.

287 1107 438 1189 Tempora
451 1107 640 1169 noctescunt
654 1127 665 1170 :
679 1112 788 1169 excute
795 1112 884 1190 poste
896 1118 1023 1173 seram!

153 1228 170 1273 e
173 1226 190 1290 5
243 1215 371 1278 Excute
386 1236 396 1278 :
410 1215 459 1275 sic
473 1232 610 1294 unquam
625 1213 722 1296 longa
737 1213 879 1276 relevere
891 1220 1010 1286 cateno,

283 1320 352 1382 Nec
364 1319 428 1381 tibi
433 1325 586 1402 perpetuo
598 1339 693 1381 serva
707 1318 836 1382 bebatur
848 1341 930 1402 aquo
942 1330 954 1385 t
976 1385 980 1392 ,

244 1424 389 1488 Ferreus
402 1433 545 1487 orantem
560 1425 759 1508 nequiquam,
767 1425 906 1509 sanctor,
922 1427 1018 1489 audes
1028 1455 1039 1489 .-

283 1530 458 1596 Roboribus
472 1530 567 1592 duris
574 1531 781 1613 januafulta
796 1533 895 1614 riget.

248 1638 386 1702 Urbibus
399 1637 530 1700 obsessis
544 1639 658 1699 clausae
672 1638 850 1701 munimina
858 1647 963 1723 porte

152 1763 191 1826 30
284 1745 454 1807 Prosunt:
471 1744 505 1806 in
520 1743 624 1806 media
633 1754 710 1827 pace
723 1744 804 1827 qnid
814 1766 907 1808 arma
921 1748 1045 1810 temes?

245 1851 446 1932 Quidfacies
459 1849 552 1926 hosti,
568 1852 628 1933 qui
636 1850 685 1913 sic
697 1851 844 1914 excludis
856 1859 1014 1915 amantem
1027 1857 1045 1918 l

288 1958 318 2021 Τ
312 1967 437 2041 empore
452 1958 641 2020 noctescunt
656 1964 789 2022 :excute
798 1965 888 2041 poste
901 1970 1029 2024 seram!

244 2065 318 2127 Non
331 2084 389 2148 ego
402 2064 564 2126 militibus
578 2064 669 2126 venio
682 2065 850 2128 comitatus
862 2073 896 2128 et
908 2069 1012 2130 armis
1027 2088 1038 2130 :

245 2174 248 2178 ’
282 2171 378 2234 Solus
391 2190 487 2243 eram,
505 2171 540 2232 si
551 2189 610 2232 non
624 2190 729 2232 secans
742 2170 866 2234 adesset
879 2173 981 2236 Amor
991 2200 1003 2247 ,·

111 2279 114 2286 '
152 2294 192 2356 40
244 2276 341 2340 Hunc
353 2296 421 2358 ego,
437 2277 471 2338 si
481 2277 614 2358 cupiam,
632 2297 787 2360 nusquam
801 2278 969 2344 demittere
977 2289 1133 2364 possum:

284 2383 370 2445 Ante
383 2383 436 2444 vel
448 2404 468 2462 a
482 2382 633 2445 membris
647 2383 782 2446 deoidar
797 2385 862 2468 ipse
876 2388 966 2450 mets.

245 2489 279 2550 E
281 2510 341 2572 rgo
353 2489 453 2551 Amor
466 2494 497 2550 et
510 2489 666 2552 modicum
680 2491 767 2554 circo
782 2512 849 2554 enea
864 2499 1002 2576 tempora
1016 2497 1128 2558 oenum

285 2597 409 2660 Mecum
423 2602 479 2668 est,
490 2602 527 2658 ‚et
541 2596 683 2659 madidos
695 2598 786 2680 lapsa
801 2619 912 2662 corona
926 2603 1030 2667 come's.

245 2706 348 2768 Arma
362 2704 435 2787 quis
449 2703 516 2766 baec
529 2704 663 2767 timeat?
675 2704 749 2786 quis
762 2725 822 2767 non
835 2714 888 2769 eat
901 2707 1010 2770 obuius
1025 2710 1096 2772 illis
1112 2711 1130 2772 ?

154 2831 192 2895 45
290 2811 439 2893 Tempora
454 2812 552 2873 noctis
565 2816 642 2872 eant
655 2836 667 2874 :
681 2817 793 2872 excute
801 2819 890 2894 poste
903 2820 1034 2878 seram!

246 2920 366 2982 Leulm
379 2937 412 2980 es
428 2937 493 2982 :an
507 2937 643 2989 somnus,
660 2918 763 2998 quite
777 2919 860 2980 male
868 2921 994 3002 perdat,
1013 2927 1155 2990 amantis

295 3023 394 3087 Verba
409 3024 464 3086 dat
479 3024 513 3086 in
528 3031 635 3086 ventos
649 3043 729 3086 aure
743 3026 873 3106 repulsa
887 3031 974 3091 tna?

246 3133 300 3205 At,
319 3130 457 3204 memini,
471 3131 586 3213 primo,
604 3151 674 3192 cum
689 3137 720 3192 te
732 3131 836 3193 celare
850 3133 998 3208 uolebam,

287 3237 445 3325 Pervigil
459 3238 493 3299 in
508 3237 620 3299 medea
633 3237 742 3298 sidera
757 3239 856 3300 noctis
868 3260 952 3304 eras.

157 3366 195 3429 50
247 3346 401 3411 Forsitan
415 3351 448 3406 et
461 3351 561 3407 tecum
575 3351 632 3406 tua
647 3365 730 3407 nnnc
744 3347 916 3428 requiescit
930 3350 1032 3414 amica
1047 3378 1058 3415 .·

287 3451 384 3515 Heu!
398 3450 511 3513 melior
524 3457 640 3534 quanto
653 3471 724 3513 sors
738 3457 792 3514 tuo
806 3460 891 3516 sorte
905 3476 972 3517 mea
983 3467 995 3520 t

248 3556 423 3621 Dummodo
435 3557 491 3628 sic,
511 3558 545 3619 in
560 3578 608 3619 me
621 3556 714 3620 durae
727 3560 868 3620 transite
882 3567 1021 3628 eatence!

293 3666 442 3748 Tempora
456 3665 555 3728 noctis
566 3669 643 3726 eunt
657 3684 667 3728 :
682 3673 793 3730 excute
802 3673 891 3750 poste
903 3688 1007 3731 seram
1021 3678 1030 3732 ‚¹
