2648 4470
541 316 643 367 unsa
658 316 792 370 smnus

220 570 310 632 Dum
322 567 413 630 cadet
426 568 660 652 ineurvafalce
673 579 795 635 resecta
808 571 910 636 Ceres
916 598 930 649 ;

182 678 352 741 Battiades
364 687 489 760 semper
499 683 562 740 toto
575 678 762 741 cantabitur
773 679 866 742 orte:

223 783 379 862 Quamvis
392 784 523 866 ingenio
535 803 596 846 non
610 784 708 856 valet,
723 791 796 847 arte
810 785 919 862 valet,-

94 905 128 968 15
180 891 288 953 Nulla
300 889 467 973 Sophocleo
480 890 586 951 veniet
592 889 731 971 jactura
747 891 898 954 cothurno
906 916 919 965 ,·

219 995 301 1058 Cum
314 997 378 1059 sole
389 1003 422 1057 et
435 995 513 1059 luna
526 1004 649 1082 semper
661 996 787 1060 Aratus
799 997 888 1073 crit,-

182 1103 270 1165 Dum
272 1101 390 1183 fhllax
399 1121 523 1174 servus,
540 1103 645 1165 durus
654 1111 759 1186 pater,
777 1103 920 1188 improba
934 1105 1009 1168 lena

229 1210 343 1274 Vivent
353 1217 387 1274 et
398 1210 560 1273 meretrix
572 1209 698 1283 lunda,
716 1211 913 1275 Menandros
924 1212 994 1275 erit
1003 1231 1016 1286 ,·

181 1316 313 1381 Ennius
324 1321 396 1379 arte
407 1335 521 1379 carens
533 1317 730 1400 animosique
741 1317 856 1380 Attius
866 1319 937 1381 oris

90 1438 131 1484 20
220 1422 383 1485 Casurum
395 1422 484 1485 nullo
496 1428 634 1507 tempore
646 1444 757 1487 nomen
769 1423 902 1500 tabem,-

190 1529 363 1593 Varronem
368 1529 573 1613 primamque
584 1537 689 1594 ratem
701 1549 775 1613 quae
787 1530 907 1594 nesciet
918 1538 1008 1606 etas,

220 1635 392 1720 Aureaque
402 1635 539 1699 AEsonco
551 1642 648 1719 terga
656 1636 763 1720 potita
775 1633 855 1698 duci
863 1637 883 1700 l

182 1739 338 1804 Carmina
351 1740 502 1804 sublimis
512 1747 589 1804 tunc
601 1746 678 1802 sunt
683 1741 840 1823 peritura
852 1741 996 1816 lucreti,

221 1847 338 1910 Exitio
352 1855 462 1910 terras
473 1869 544 1912 cum
557 1846 649 1910 dabit
662 1869 726 1910 una
738 1845 830 1923 dees,-

90 1971 129 2034 25
187 1955 322 2035 Tityrus
334 1955 497 2039 etfruges
510 1955 694 2038 AEneiaque
706 1975 801 2017 arma
815 1956 975 2038 legentur,

221 2061 322 2124 Roma
335 2062 532 2145 triumphati
542 2061 617 2124 dum
631 2067 724 2144 caput
736 2061 823 2124 orbis
836 2062 902 2124 erit
910 2088 924 2134 ,-

182 2169 290 2231 Donec
302 2174 399 2230 erunt
412 2170 506 2252 ignes
516 2187 672 2251 arcusque
685 2167 861 2252 Cupidinis
873 2189 975 2243 arma,

221 2276 400 2338 Discentur
414 2276 550 2350 numeri,
568 2276 653 2337 culte
670 2274 804 2348 Tibulle,
826 2275 881 2336 tui
886 2301 901 2350 ,-

185 2382 301 2445 Gallus
313 2364 351 2443 et'
357 2381 528 2464 Hesperiis
540 2388 573 2443 et
586 2381 705 2444 Gallus
719 2386 809 2443 notus
826 2380 916 2455 Eois,

93 2505 132 2568 30
222 2488 271 2551 Et
283 2508 342 2549 sua
355 2508 426 2549 cum
441 2487 533 2550 Gallo
547 2495 620 2549 nota
634 2487 768 2570 Lycoris
780 2487 860 2551 erit.

183 2596 218 2660 E
218 2615 287 2678 rgo,
305 2615 376 2656 cum
389 2594 505 2668 salaces,
521 2615 591 2656 cum
605 2593 683 2655 dens
694 2593 850 2675 patientis
862 2594 977 2655 aratri

222 2702 405 2784 Depereant
415 2720 491 2772 ceno,
508 2701 652 2762 carmina
667 2705 766 2761 morte
778 2705 913 2764 carent:

187 2808 311 2875 Cedant
323 2807 519 2870 carminibus
533 2827 627 2889 reges
641 2826 817 2889 regumque
830 2804 999 2890 triumphi,

223 2914 326 2979 Cedat
337 2920 370 2976 et
382 2913 529 2995 auriferi
540 2914 612 2997 ripa
627 2911 765 2996 benigna
784 2912 890 2995 Tagi!

93 3036 132 3102 35
193 3022 280 3085 Vilia
293 3022 435 3083 miretur
447 3021 589 3102 vulgus;
602 3019 690 3082 mihi
696 3017 807 3102 flavus
820 3019 932 3103 Apollo

224 3129 348 3192 Pocula
365 3127 512 3195 Castalia
519 3127 620 3211 plena
633 3126 798 3189 ministret
808 3145 901 3208 aqua,

186 3234 431 3316 Sustineamque
443 3253 527 3296 coma
540 3238 728 3295 metuentem
731 3232 873 3316 frigora
887 3237 1038 3313 myrtum,

226 3341 330 3424 Atque
345 3341 390 3403 ita
404 3341 540 3403 sollicito
553 3341 674 3401 multus
686 3344 811 3402 amante
824 3339 942 3422 legar!

187 3448 345 3512 Pascitur
360 3447 394 3509 in
409 3447 497 3509 anais
509 3446 618 3519 Livor,
631 3445 786 3529 postfata
799 3443 943 3528 quiescit,

96 3569 137 3631 40
228 3553 310 3616 Cum
324 3574 401 3615 suus
413 3574 453 3615 ex
466 3552 579 3614 merito
591 3570 743 3635 quemque
756 3557 868 3613 tuetur
880 3550 984 3613 honos.

189 3659 224 3724 E
224 3680 284 3744 rga
297 3660 393 3722 ettam
408 3681 477 3722 cum
491 3680 539 3720 me
551 3669 718 3742 supremus
732 3657 880 3720 adederit
893 3657 993 3739 egenis,

234 3765 357 3841 Vivam,
367 3776 510 3849 parsque
523 3765 589 3828 mei
599 3765 702 3826 multa
715 3770 877 3847 superstes
889 3764 968 3826 erit.
