2648 4470
607 311 708 366 LlBER
730 312 860 367 PRIMUS

346 1436 454 1488 ossus
469 1429 547 1496 erat,
567 1424 764 1506 mediamque
777 1424 847 1488 dz’es
858 1429 1011 1508 exegerat
1024 1424 1136 1488 noram
1152 1443 1164 1490 .·
1212 1480 1216 1485 .

203 1431 340 1709 ᾗ
363 1530 507 1614 Apposui
518 1530 617 1594 medio
632 1529 770 1593 membra
784 1531 921 1594 leuando
936 1537 1017 1595 toro.
1223 1606 1226 1613 Ι

344 1637 433 1700 Pars
446 1636 601 1720 adaperta
611 1637 688 1718 furt,
702 1648 786 1722 pars
799 1639 903 1701 altera
918 1639 1026 1702 clausa
1031 1639 1200 1720 fenestrae,

283 1743 387 1825 Quale
389 1743 469 1824 fere
481 1744 578 1807 selum
592 1744 696 1806 lumen
711 1744 826 1808 habere
839 1745 950 1818 solent,
1010 1797 1012 1799 .

170 1864 188 1930 5
243 1851 364 1934 Qualia
378 1849 541 1913 sublucent
543 1850 702 1933 fugiente
713 1851 899 1934 crepuscula
912 1849 1037 1926 Phoebo,

280 1958 351 2020 Ant
364 1956 422 2020 ubi
432 1977 492 2020 nox
505 1956 596 2032 abin,
615 1977 670 2021 nec
683 1963 787 2025 tamen
800 1963 871 2021 orta
885 1958 955 2021 dies
973 1980 983 2021 .·

242 2063 308 2127 Illa
322 2064 510 2128 verecundis
524 2063 584 2126 lun
596 2069 646 2127 est
653 2062 827 2148 praebenda
835 2064 969 2147 puellis,

197 2245 200 2255 ¹
284 2171 356 2250 Qua
369 2170 505 2233 timidus
518 2170 659 2234 latebras
671 2176 776 2254 speret
788 2170 904 2235 habere
914 2170 1030 2255 pudor.

243 2277 277 2341 E
276 2297 326 2341 cce
340 2276 483 2339 Corinna
497 2275 595 2350 venit,
612 2275 723 2340 tunica
737 2275 842 2340 velam
856 2275 1005 2349 recincta,

154 2397 191 2442 ιο
284 2381 433 2445 Candida
447 2381 585 2445 dinanuo
599 2383 680 2446 colla
693 2387 818 2465 tegente
830 2403 915 2446 coma
930 2409 942 2446 .·

245 2488 396 2567 Qualiter
410 2487 445 2550 in
459 2487 617 2552 thalamos
618 2487 747 2569 famosa
760 2487 956 2552 Semiramis
970 2488 1032 2553 isse

285 2595 429 2666 Dicitur,
447 2600 479 2657 et
493 2594 607 2657 multis
619 2594 699 2657 Lais
710 2600 818 2658 amata
831 2596 928 2659 airis.

244 2700 390 2784 Deripui
400 2700 541 2764 tunicam
549 2725 563 2775 ,·
577 2721 633 2764 nec
645 2701 781 2764 multum
796 2721 876 2765 rara
890 2701 1022 2776 nocebat,

284 2805 459 2889 Pugnabat
472 2807 580 2870 tnnc'ca
593 2806 652 2870 sed
662 2813 769 2870 tamen
784 2808 845 2872 illa
857 2809 931 2891 tegi
936 2834 950 2883 ,-

156 2927 191 2993 15
245 2912 408 2993 Quacum
423 2913 470 2976 ita
481 2919 655 2997 pugnaret,
673 2921 835 2997 tamqnam
848 2935 918 2999 qun
932 2913 1060 2978 uincere
1074 2916 1182 2991 nollet,

264 3088 267 3092 Α
292 3020 380 3084 Victa
394 3026 516 3083 estnon
530 3039 621 3103 agre
631 3020 814 3104 proditione
826 3041 896 3085 sua.

250 3127 292 3189 Ut
305 3125 396 3189 stetit
408 3133 483 3190 ante
496 3127 599 3191 oculos
606 3128 709 3210 posito
724 3127 880 3191 uelamine
895 3133 1023 3202 nastros,

284 3233 323 3295 In
337 3238 398 3300 toto
411 3253 566 3316 nusquam
580 3243 706 3316 corpore
720 3234 922 3316 mendafnit.
988 3273 991 3294 2

246 3338 331 3419 Quos
344 3338 499 3413 humeros,
517 3341 628 3422 quales
643 3340 718 3403 ui'di
728 3340 887 3424 tetigique
901 3342 1056 3406 lacertos!

152 3463 192 3509 20
284 3445 318 3507 F
318 3465 406 3508 orma
414 3445 618 3530 papillarum
631 3467 726 3529 quarn
730 3448 808 3529 fnit
821 3455 896 3531 apta
905 3450 1036 3531 premit

247 3550 350 3632 Quam
364 3552 520 3636 castigato
527 3555 647 3637 planus
658 3552 716 3616 sub
724 3560 852 3638 pectore
865 3561 998 3619 uenter!

286 3658 447 3739 Quantum
461 3665 491 3722 et
503 3661 599 3742 quale
612 3661 699 3723 latus
710 3670 722 3725 t
734 3681 830 3743 qnam
838 3661 997 3744 juvenale
1000 3661 1118 3742 femur
1129 3661 1142 3726 l
