2648 4470
144 309 187 372 28v
548 322 648 372 sensa
665 322 797 373 eetuus

182 576 265 638 Ante
278 594 359 637 meas
372 574 516 636 lcumeris
530 577 642 639 uellem
656 576 804 640 cecidisse
818 577 954 639 lacertas
971 597 981 639 :

225 681 359 744 Utiliter
366 681 464 764 patui
467 689 566 764 parte
580 703 691 745 carere
704 684 785 758 mei;

182 789 221 851 ln
236 808 304 850 mea
319 808 452 850 uesauas
466 788 567 851 habui
577 789 746 874 dispendia
761 789 859 860 uires,

91 906 128 971 25
221 896 270 958 Et
284 895 378 957 ualui
384 913 507 978 poenam
518 895 621 974 fartis
636 897 670 958 iu
687 897 752 979 ipse
766 915 877 958 meam.

151 1040 153 1042 v
185 1001 275 1081 Quid
288 1001 372 1064 milti
383 1001 548 1075 uobiscum,
567 1003 665 1066 cudis
677 1003 893 1086 scelerumque
906 1002 1089 1066 ministret

222 1107 338 1172 Debita
351 1109 521 1192 sacrilege
536 1109 643 1173 uincla
656 1109 760 1173 subite
774 1130 886 1172 manus
897 1113 911 1172 !

184 1217 245 1289 An,
263 1216 298 1278 si
302 1216 483 1299 pulsassem
497 1216 665 1278 minimum
680 1216 719 1278 de
728 1215 820 1299 plebe
834 1216 1008 1297 Quiritem,

223 1323 393 1386 Plecterer
407 1345 417 1385 .·
433 1324 467 1385 in
481 1323 640 1386 dominam
648 1324 712 1405 jus
725 1322 809 1385 milri
822 1321 928 1405 majus
941 1322 1032 1385 eritt

92 1443 131 1506 30
183 1429 332 1493 Pessima
350 1429 489 1510 Tydides
501 1431 654 1493 scelernm
669 1435 864 1493 monumenta
879 1428 1014 1512 reliquit
1031 1449 1055 1491 :1
1119 1461 1121 1466 ·

222 1535 283 1600 Ille
295 1536 385 1599 deam
394 1537 525 1620 primus
533 1537 677 1620 perculit
691 1564 702 1601 .·
716 1537 802 1600 alter
814 1556 873 1619 ega
883 1540 897 1598 l

184 1632 351 1706 Etminus
365 1643 423 1706 ille
436 1662 545 1707 nocens
560 1665 570 1708 :
585 1643 675 1718 mili,
694 1664 787 1728 quam
795 1642 974 1727 profitebar
987 1662 1109 1718 amare,
1157 1662 1162 1671 ⁴

225 1751 316 1814 Lcesa
329 1756 385 1842 est,
408 1749 549 1833 Tydides
563 1769 669 1812 sevus
685 1751 718 1812 iu
734 1749 911 1830 hastefuit.

183 1856 204 1921 I
214 1877 304 1929 nunc,
323 1855 510 1938 magnificas
524 1856 626 1919 vc'ctar
640 1856 752 1919 molire
766 1855 950 1940 triumphos,

92 1976 129 2040 35
223 1963 329 2048 Cinge
341 1983 456 2026 comam
471 1964 563 2026 lauro
577 1970 708 2047 uotaque
723 1963 820 2025 redde
835 1962 923 2042 Jaui,

185 2071 325 2153 Quaeque
339 2076 408 2134 tuas
420 2091 539 2134 currus
551 2070 717 2134 comitatus
731 2069 826 2132 turba
840 2074 991 2151 sequetur

223 2177 347 2240 Clamet
362 2200 371 2240 .·
387 2177 568 2259 «Ialflrrti
577 2176 663 2240 uicta
674 2178 783 2260 puella
797 2177 869 2239 ur'ra
882 2181 951 2239 est!
966 2196 984 2236 »

183 2284 269 2346 Ante
281 2289 332 2346 eat
344 2282 441 2366 effusa
453 2283 564 2346 tristis
576 2283 703 2366 captiua
716 2284 839 2366 capillo,

224 2390 268 2454 Si
277 2390 419 2452 sinerent
433 2390 525 2462 lcesae,
544 2389 681 2453 candida
695 2395 768 2462 tata,
783 2409 887 2472 geute.

92 2509 132 2571 40
185 2495 304 2580 Aptius
318 2495 483 2578 impressis
487 2496 607 2575 fuerat
620 2497 725 2559 liuere
739 2495 883 2568 labellis,‘

226 2601 272 2665 Et
285 2603 360 2666 calla
373 2602 489 2666 blandi
500 2603 606 2665 dentis
620 2602 734 2666 habere
748 2607 861 2665 natam.

184 2709 339 2793 Dem'que,
358 2710 392 2771 si
401 2708 525 2772 tumidi
535 2709 606 2771 ritu
620 2708 777 2775 terrentis
789 2707 919 2791 agebar,
948 2692 950 2698 Α

225 2816 252 2879 C
252 2837 372 2901 cecaquc
387 2836 435 2879 me
443 2815 589 2900 pradum
593 2815 722 2897 fecerat
737 2816 789 2878 ira
803 2834 903 2886 snam,

184 2922 298 2984 Nonne
311 2920 394 2984 satis
396 2920 516 3002 fuerat
529 2921 653 2983 timidae
668 2921 855 2983 inclamasse
865 2921 991 3004 puelle,

91 3041 130 3106 45
223 3029 292 3092 Nec
306 3027 442 3093 nc'rru'um
457 3026 588 3110 rigidas
602 3025 776 3088 intonuisse
789 3025 904 3096 minae,

184 3137 252 3202 Aut
265 3134 405 3197 tunicam
418 3154 539 3196 summa
554 3132 707 3196 deducere
721 3131 864 3216 turpiter
877 3151 934 3194 ara

223 3241 278 3304 Ad
291 3241 426 3305 mediam
437 3249 452 3305 t
465 3240 577 3302 media
589 3259 667 3303 uana
681 3239 808 3301 tulisset
821 3248 917 3322 opem.

185 3350 230 3415 At
244 3369 326 3412 nuuc
339 3347 489 3421 sustinui,
508 3346 612 3430 raptis
626 3367 646 3409 a
650 3346 766 3428 fronte
779 3345 917 3428 capillis,

223 3455 369 3518 Ferreus
384 3455 541 3538 ingenuas
554 3472 662 3536 ungue
676 3459 786 3516 natare
794 3471 909 3535 genas.

94 3578 132 3644 50
185 3561 325 3629 Adstitit
340 3561 401 3624 illa
415 3580 522 3623 amens
536 3559 605 3623 alba
618 3565 649 3621 et
661 3560 732 3622 sine
745 3558 905 3641 sanguiue
919 3556 1022 3634 uultu,

225 3668 403 3735 creduntur
416 3667 533 3733 Pariis
546 3667 657 3754 qualia
671 3687 751 3730 saxa
757 3664 866 3751 jugis.
