2648 4470
190 315 244 398 178
579 332 680 383 mssa
701 333 851 383 somus

230 582 307 645 Vive
317 584 395 666 pins
410 605 420 647 .·
435 585 570 646 moriere
582 588 676 668 pins‚·
691 588 755 649 cole
769 607 861 649 sacra
879 608 888 649 :
903 588 1050 649 colentem

172 706 174 711 “
261 689 354 751 Mors
363 693 485 772 grauis
498 713 517 754 a
532 693 660 775 templis
676 694 709 755 in
724 715 801 756 cava
816 693 907 755 busta
923 693 1047 765 traloet‚·

221 795 431 859 Carminibus
443 797 562 883 confide
575 798 664 862 bonis
678 772 791 880 :iacet
807 821 873 862 ecce
892 799 1060 874 Tibullus,-

126 921 167 982 40
267 901 330 964 Vix
344 910 451 966 manet
464 925 481 965 e
494 910 554 967 toto
563 915 670 989 parua
685 906 769 988 quod
782 928 866 969 urna
880 907 978 991 capit·

224 1007 256 1070 T
249 1027 314 1081 ene,
331 1029 422 1071 sacer
436 1017 534 1080 uates,
549 1011 691 1088 flamme
705 1023 841 1094 rapuere
857 1013 993 1095 rogales,

260 1116 452 1179 Pectoribus
460 1117 557 1199 pasci
568 1139 623 1181 nec
637 1119 774 1181 timuere
787 1119 881 1182 tuis?

220 1220 330 1282 Aurea
345 1228 527 1304 sanctorum
536 1223 716 1304 potuissent
730 1223 846 1305 templa
861 1222 990 1285 deornm

264 1326 377 1415 Urere,
393 1347 466 1408 quae
479 1333 604 1389 tantum
618 1329 799 1390 sustinuere
813 1329 915 1410 nefas.

73 1480 76 1485 -
125 1453 164 1516 45
220 1417 354 1496 Avertit
369 1435 488 1504 uultus,
507 1435 631 1516 Erycis
643 1455 715 1516 quoe
723 1435 868 1518 possidet
882 1455 972 1497 arces
987 1462 998 1498 .·

259 1539 345 1602 Sunt
358 1559 477 1622 qnoque
490 1541 551 1622 qni
560 1540 716 1604 lacrimas
729 1542 923 1604 continuisse
938 1549 1070 1624 negant.

219 1645 287 1709 Sed
298 1651 401 1710 tamen
416 1645 471 1708 lzoc
485 1647 609 1717 melius,
629 1667 725 1728 quam
738 1649 772 1709 si
783 1647 936 1711 Placeacia
951 1648 1049 1710 tellus

260 1754 410 1836 Ignotum
426 1753 493 1815 uili
503 1754 718 1836 supposuisset
731 1754 823 1817 leumo
839 1775 849 1818 .·

220 1859 309 1923 Hinc
322 1866 409 1922 certe
423 1860 568 1923 madidos
571 1859 743 1944 fugientis
749 1862 875 1944 pressit
889 1861 999 1925 ocellos

128 1987 167 2051 50
262 1967 382 2040 Mater,
399 1973 432 2029 et
444 1966 479 2029 in
493 1966 617 2030 cineres
630 1967 748 2030 ultimo
763 1968 843 2030 dona
857 1968 936 2033 tulit
943 1993 957 2043 ,-

221 2073 310 2137 Hinc
323 2094 416 2136 soror
430 2074 465 2137 in
476 2080 602 2157 partem
618 2075 737 2137 misera
751 2095 822 2137 cum
837 2082 941 2157 matre
954 2073 1075 2138 doloris

268 2180 368 2254 Venit,
388 2181 554 2281 inornatas
568 2180 731 2245 dilaniata
744 2201 866 2255 comas,·

221 2285 249 2349 C
250 2306 364 2368 umque
377 2288 446 2349 tuis
459 2287 712 2370 suajunxerunt
725 2288 936 2370 Nemesisque
943 2289 1103 2377 priorque

263 2393 393 2469 Oscula,
410 2413 466 2455 nec
479 2394 559 2457 solos
572 2393 750 2458 destituere
765 2415 870 2477 rogos,

15 2489 17 2493 ⁵
131 2518 168 2580 55
222 2498 319 2562 Delia
333 2499 522 2563 descendens
536 2526 547 2563 .-
562 2522 580 2562 «
592 2500 626 2562 F
625 2501 748 2574 elicias,
769 2501 886 2584 inquit,
903 2506 1008 2564 amata

261 2604 290 2667 S
291 2625 343 2666 um
358 2605 444 2668 tibi:
460 2605 591 2682 eruisti,
608 2607 683 2670 dum
697 2613 773 2669 tuns
788 2606 880 2689 ignis
892 2626 991 2671 eram.
1010 2626 1028 2667 o

226 2713 293 2777 Cui
304 2713 468 2776 Nemesis:
485 2735 503 2777 «
519 2714 617 2795 an'd,
635 2714 694 2785 ait,
712 2713 864 2776 tibisunt
873 2733 940 2776 mea
954 2713 1070 2776 damno
1085 2710 1218 2775 dolori?

262 2820 318 2883 Me
331 2820 437 2883 tenuit
451 2821 591 2882 moriens
603 2819 768 2904 deficiente
782 2840 889 2884 manu.
907 2839 926 2881 s>
991 2892 993 2899 Ι

221 2924 384 2988 stramen
398 2947 415 2987 e
430 2926 516 2988 nobis
528 2926 658 3009 aliquid
670 2927 741 2989 nisi
752 2946 861 2988 nomen
872 2931 904 2988 et
917 2923 1030 2989 umbro

21 3074 24 3079 -
128 3035 169 3097 60
261 3031 385 3105 Restat,
403 3032 438 3094 in
452 3033 572 3114 Elysia
587 3033 674 3095 ualle
692 3030 839 3095 Tibullus
851 3021 928 3097 erit.

225 3137 348 3202 Obvius
362 3138 438 3201 louic
451 3139 573 3215 uenias,
590 3137 708 3202 loedera
713 3137 887 3222 junonalia
901 3137 1024 3201 cinctus

264 3244 426 3328 Tempora,
443 3266 513 3308 cum
528 3244 635 3318 Caluo,
654 3244 739 3307 docte
754 3244 890 3314 Catulle,
908 3250 983 3318 tuo,-

224 3351 255 3414 Τ
251 3372 272 3412 u
284 3372 410 3435 quoqne,
429 3352 463 3414 si
463 3351 595 3432 ficlsum
608 3357 654 3415 est
667 3351 820 3414 temerati
830 3350 953 3413 crimen
967 3350 1073 3421 amici,

258 3457 443 3542 Sanguinis
455 3465 551 3540 atque
564 3459 681 3520 anima
688 3458 840 3542 prodige,
860 3457 964 3530 Galle,
981 3462 1054 3520 tuce.

124 3568 163 3646 65
219 3563 284 3626 His
298 3585 397 3628 comes
410 3565 522 3628 umbro
537 3571 592 3627 tna
606 3572 671 3638 est,·
687 3565 789 3646 siqua
798 3571 846 3628 est
860 3563 947 3626 modo
956 3563 1098 3646 corporis
1112 3561 1237 3631 umbra,

257 3671 398 3733 Arcxisti
409 3692 566 3747 numeros,
583 3672 665 3733 culte
684 3671 818 3745 Tibulle,
830 3671 915 3755 pios.
