2648 4470
158 329 196 395 32
561 329 662 379 ussa
681 330 812 382 erasmus

193 584 267 647 Scit
280 581 352 645 bene
364 581 446 664 quid
452 602 599 665 gramen,
616 583 698 667 quid
709 591 791 648 torto
803 586 927 650 concita
940 587 1069 652 rhombo

233 689 335 761 Licia,
352 689 434 771 quid
445 688 551 753 voleat
564 690 659 752 uirus
672 692 813 755 amantis
825 712 917 775 eqnae
926 720 940 770 ,-

193 797 275 860 Cum
290 796 398 868 voluit,
417 801 477 859 toto
487 796 716 878 glomerantur
730 797 842 862 nubila
854 800 954 866 calo.-

105 916 140 959 ιο
232 903 313 965 Cum
327 888 435 975 oolu'ct,
449 912 533 986 puro
536 903 656 988 fulget
670 904 705 966 in
718 905 793 968 orbe
806 905 877 968 dies
883 927 898 983 ,⁰

192 1011 369 1093 Sanguine,
388 1008 596 1093 siquafides,
614 1010 780 1073 stillantia
793 1011 907 1075 sidera
922 1013 1019 1090 ondi,·

230 1116 422 1199 Purpureus
434 1115 535 1179 Lunae
547 1116 706 1199 sanguiue
720 1116 831 1180 vultus
844 1125 918 1183 erat
931 1146 946 1195 ,·
1051 1144 1054 1149 ·

195 1223 292 1286 Hanc
304 1244 363 1306 ego
377 1230 547 1286 nocturnas
562 1243 687 1287 uersam
703 1225 844 1290 uolitare
853 1236 918 1310 per
932 1224 1063 1291 umbras

231 1329 392 1414 Suspicor,
400 1336 442 1393 ¹et
449 1329 562 1412 pluma
576 1339 688 1413 corpus
700 1330 789 1394 anc’le
802 1330 898 1416 tegi,-

105 1451 115 1493 ι
122 1446 139 1512 5
193 1436 355 1518 Suspicor,
373 1435 503 1517 etfama
516 1442 586 1511 ost,·
599 1437 700 1499 oculis
711 1456 834 1519 quoqne
841 1439 967 1523 pupula
982 1439 1099 1524 duplex

233 1541 413 1614 Fulminat,
431 1547 462 1604 et
470 1541 600 1625 gemino
613 1543 721 1607 lumen
735 1544 773 1607 ab
786 1543 859 1607 orbe
872 1546 970 1608 micat
978 1572 992 1621 ,-

195 1651 230 1714 E
230 1655 317 1713 vocat
329 1648 473 1732 antennis
482 1657 617 1731 proauos
628 1658 797 1734 atavosque
811 1652 979 1736 sepulcris,

233 1755 281 1818 Et
293 1755 428 1818 solidam
443 1755 536 1837 longo
548 1757 691 1820 carmine
694 1757 803 1840 findit
817 1759 958 1823 humum.

192 1865 273 1928 Hac
286 1863 352 1926 sibi
356 1863 522 1947 proposuit
534 1862 689 1926 thalamos
701 1869 859 1928 temerare
867 1866 1005 1950 pudicos
1013 1893 1026 1941 ,·
1112 1938 1123 1947 ‚

101 1989 140 2035 20
233 1972 303 2035 Nec
314 1978 418 2034 tamen
432 1969 551 2052 eloquio
565 1970 681 2055 longua
695 1978 820 2036 nocente
832 1979 931 2038 caret.

194 2080 279 2144 Fors
293 2099 341 2140 me
354 2077 497 2140 sermoni
506 2081 614 2139 testem
627 2077 738 2153 dedit;
753 2079 814 2141 illa
828 2079 971 2144 monebat

239 2185 269 2247 T
262 2185 329 2248 alta
345 2187 408 2261 (me
422 2182 564 2267 duplices
577 2185 741 2247 occuluere
743 2184 854 2267 fores)
872 2212 883 2249 :

193 2314 212 2356 <c
225 2292 253 2355 S
253 2292 299 2353 cis
312 2292 387 2353 lure
400 2297 439 2364 te,
458 2310 526 2352 mea
540 2291 608 2359 lux,
619 2290 742 2374 juveni
747 2292 914 2375 placuisse
928 2291 1047 2357 beato?
1113 2283 1119 2289 ’

235 2397 342 2461 Haesit
355 2403 387 2460 et
401 2398 435 2458 in
450 2398 543 2459 vultu
557 2399 700 2460 constitit
715 2418 815 2480 usque
828 2405 890 2461 tuo.

102 2519 140 2583 25
196 2505 242 2567 Et
255 2525 314 2567 cur
327 2524 386 2566 nou
396 2504 550 2587 placeas?
568 2503 657 2566 nulli
667 2503 840 2585 tnaforma
853 2504 992 2567 secunda
1005 2511 1056 2567 est
1070 2527 1080 2569 .·

233 2611 289 2674 Me
303 2612 475 2675 miseram!
489 2610 611 2692 dignus
623 2620 751 2694 corpore
763 2612 869 2673 cultus
882 2611 979 2676 obest.

200 2720 231 2783 T
224 2740 276 2781 am
280 2718 376 2800 felix
389 2737 472 2780 esses
484 2736 579 2798 quam
583 2717 822 2798 formosissima
837 2716 950 2779 uellem
966 2736 976 2778 :

234 2826 307 2888 Non
321 2846 386 2908 ego,
405 2824 532 2907 tefocta
546 2823 659 2897 divite,
673 2834 798 2908 pauper
812 2843 875 2886 ero.

194 2934 299 2999 Stella
313 2932 378 2995 tibi
387 2931 524 3016 oppositi
535 2931 641 2995 nocuit
658 2931 824 2993 contraria
839 2929 964 2993 Martis
982 2951 992 2994 .·

104 3059 144 3124 30
235 3041 331 3103 Mars
343 3039 423 3102 abiit
432 3064 445 3112 ,·
458 3037 552 3120 signo
567 3058 648 3100 nuuc
670 3035 771 3101 Venus
783 3042 856 3119 apta
871 3055 937 3097 suo.

195 3148 310 3211 Prosit
323 3152 358 3207 ut
370 3144 551 3217 adueniens,
569 3163 607 3205 en
619 3143 745 3226 adspice
760 3162 770 3206 :
786 3142 877 3205 diaes
890 3148 1015 3206 amator

243 3255 285 3318 Te
297 3253 399 3337 cupiit
407 3278 420 3326 ,·
434 3270 528 3322 curce,
546 3249 628 3332 quid
638 3249 704 3311 tibi
715 3249 806 3322 desit,
824 3247 925 3312 labet.

197 3365 259 3427 Est
271 3358 489 3440 etiamfocies,
507 3377 577 3438 que
589 3376 622 3418 se
636 3356 700 3419 tibi
710 3361 873 3439 comparet,
894 3356 978 3418 illi:

235 3469 280 3532 Si
290 3474 320 3529 te
334 3487 393 3529 non
407 3469 541 3547 emptam
556 3462 659 3533 vellet,
677 3461 826 3524 emendus
837 3469 920 3526 erat.
936 3481 954 3523 »

105 3593 144 3660 35
197 3575 350 3642 Erubuit.
369 3571 502 3636 «Decet
516 3570 588 3632 alba
602 3568 728 3651 quidem
739 3568 844 3653 pudor
857 3588 924 3642 ora,
942 3566 1001 3630 scd
1015 3568 1086 3641 iste,

235 3684 281 3747 Si
291 3676 430 3753 simules,
443 3675 574 3760 prodest
580 3701 594 3751 ,·
608 3696 704 3738 verus
716 3677 819 3739 obesse
832 3675 922 3738 solet.
