2648 4470
199 338 255 402 160
583 352 849 404 concessamus

170 639 171 642 ¹
230 608 338 690 Atque
353 608 398 669 ita
409 634 420 671 .·
435 628 453 668 «
471 606 563 686 Quid
574 612 707 680 nostras,
725 607 820 681 dixit,
839 609 923 670 teris
936 610 1036 672 annia
1052 610 1151 693 ripas,

269 714 345 788 llic,
363 712 401 775 ab
414 713 498 776 ldceo
512 713 716 776 Laomedonte
726 717 863 797 genus?

137 837 177 904 55
234 821 304 902 Quo
317 822 420 884 cultus
432 819 540 884 abiere
553 820 633 882 tui?
646 820 727 905 qnid
738 821 805 885 sola
820 823 968 906 vagaris,

279 927 365 990 Vitta
380 948 436 990 nec
448 928 589 990 eoimtas
605 927 739 1010 impedit
752 927 823 991 alba
838 930 970 993 comas?
1125 1012 1127 1016 Ι

233 1034 325 1115 Quid
326 1033 395 1117 fles
407 1040 439 1096 et
451 1033 596 1097 madidos
609 1035 758 1098 lacrimis
771 1035 951 1118 corrumpis
965 1034 1083 1109 ocellos,

268 1143 466 1225 Pectoraque
480 1142 594 1204 insana
602 1142 740 1224 plangis
753 1147 865 1225 aperta
880 1145 1006 1205 mann?

228 1249 291 1312 Ille
303 1244 395 1312 lacet
408 1255 440 1310 et
451 1249 560 1312 silices
573 1254 604 1310 et
617 1250 727 1312 m'vum
743 1250 777 1311 in
787 1255 914 1333 pectore
916 1248 1064 1330 ferrum,

133 1355 174 1420 60
268 1356 339 1436 Qui
349 1362 456 1419 tenero
471 1355 622 1419 lacrimas
636 1355 742 1419 lentus
758 1355 793 1417 in
807 1375 861 1418 ore
876 1356 976 1420 videt.

227 1463 300 1538 Ilia,
314 1473 394 1547 pone
409 1468 508 1524 metus
517 1466 532 1526 t
545 1462 610 1526 tibi
621 1463 715 1545 regia
732 1469 839 1526 nostra
849 1462 984 1547 patebit,

270 1569 371 1653 Teque
382 1569 482 1632 colent
493 1590 623 1642 amnes:
637 1569 711 1642 lira,
725 1579 806 1652 pone
821 1574 946 1633 metus!
977 1638 980 1643 ,

231 1676 278 1738 Tu
292 1681 413 1738 centum
427 1681 484 1738 aut
492 1676 607 1759 plures
621 1675 709 1738 inter
722 1676 922 1738 dominabere
937 1674 1114 1759 nymphas:

264 1784 351 1846 Nam
364 1788 487 1846 centum
500 1789 558 1846 aut
567 1782 831 1865 pluresjlumina
844 1788 954 1845 nostra
969 1788 1076 1845 tenent
1086 1807 1097 1851 ,·
1182 1867 1185 1872 .

132 1891 171 1972 65
225 1890 278 1953 Ne
292 1909 340 1953 me
352 1898 478 1972 sperne,
486 1897 609 1971 precor,
628 1894 761 1961 tantum,
785 1888 929 1970 Trojano
939 1898 1086 1972 propago
1101 1911 1110 1950 :

264 1977 405 2059 Munera
414 1997 585 2081 promissis
599 1995 749 2059 uberiora
753 1993 861 2075 feres.
879 2015 898 2057 o

225 2104 391 2176 Dixerat,·
406 2104 474 2175 illa,
493 2103 595 2167 oculos
610 2103 644 2164 in
660 2102 789 2165 humum
804 2102 927 2185 dejecta
941 2102 1105 2175 modestos,

262 2209 445 2293 Spargebat
458 2208 717 2292 tenerosjlebilis
732 2208 833 2272 imbre
844 2209 941 2296 sinus
953 2234 968 2282 ,·

100 2349 102 2353 ·
180 2380 183 2385 ,
202 2326 206 2332 ’
229 2317 290 2380 Ter
304 2318 549 2399 molitafngam,
568 2322 620 2378 ter
633 2315 678 2378 cd
689 2317 775 2378 altas
788 2315 911 2379 restitit
925 2314 1039 2391 undas,

133 2442 171 2506 70
264 2422 435 2485 Currendi
445 2421 535 2484 uires
548 2423 703 2506 eripiente
718 2428 803 2484 metu
814 2448 826 2495 ,·

223 2531 251 2594 S
251 2551 308 2592 ero
322 2535 426 2591 tamen
440 2527 587 2591 scindens
602 2528 729 2591 inimico
738 2530 855 2612 pollice
867 2530 1000 2601 crinem,
1039 2532 1041 2536 '

265 2635 385 2700 Edidit
400 2634 552 2718 indignos
565 2654 619 2698 ore
629 2638 784 2704 tremente
797 2655 909 2698 sonos:

225 2767 242 2807 «
260 2743 289 2806 O
303 2743 426 2805 utinam
440 2763 508 2805 mec
522 2742 600 2804 lecta
603 2740 720 2822 forent
729 2742 896 2825 patrioque
910 2741 1054 2822 sepulcro

265 2850 293 2913 C
293 2849 410 2921 ondita,
429 2869 499 2911 cum
509 2853 659 2931 poterant
672 2848 820 2931 virginis
833 2868 901 2909 ossa
917 2847 1009 2930 legi!

133 2973 171 3038 75
229 2960 308 3030 Cur,
320 2956 406 3018 modo
420 2955 559 3028 vestales,
579 2954 680 3018 tedas
695 2955 819 3017 innitor
832 2954 877 3017 cd
889 2940 973 3017 ullas

269 3063 388 3146 Turpis
400 3068 432 3123 et
444 3061 557 3124 Iliacis
572 3061 747 3144 infitianda
750 3060 840 3142 focis
851 3063 869 3124 l

227 3170 318 3251 Quid
329 3190 434 3232 moror
447 3175 479 3230 et
492 3167 611 3251 digitis
625 3167 780 3252 designor
792 3167 943 3230 adultera
958 3166 1084 3248 vulgi?

265 3277 383 3340 Desint
386 3275 535 3356 famosus
548 3294 619 3355 quoe
634 3281 718 3337 notet
731 3295 788 3338 oro
797 3273 927 3359 pudor!
943 3294 961 3335 »

227 3385 395 3454 Hactenus,
414 3387 445 3443 et
458 3387 572 3444 uestem
587 3380 724 3443 tumidis
734 3381 910 3462 pretendit
923 3380 1045 3454 ocellis,

134 3493 174 3556 80
218 3510 221 3514 ⁴
246 3535 249 3541 =
266 3489 369 3571 Atque
384 3490 431 3550 ita
445 3508 478 3550 se
493 3489 527 3548 in
542 3486 676 3571 rapidas
685 3487 819 3572 perdito
833 3489 924 3550 misit
937 3505 1039 3568 aquas
1049 3506 1059 3549 :

226 3596 433 3680 Supposuisse
447 3613 560 3656 manus
572 3593 617 3655 ad
622 3600 749 3677 pectora
764 3593 909 3657 lubricus
922 3591 1028 3656 amnis
1045 3585 1049 3591 ’

268 3701 413 3777 Dicitur,
428 3708 460 3764 et
473 3698 641 3782 sociijura
656 3698 779 3762 dedisse
791 3699 868 3761 tori.
898 3718 911 3730 ’·
