2648 4470
587 336 688 386 LIBER
703 336 853 388 TERTIUS

338 1453 431 1505 ULTA
445 1440 562 1523 diuque
575 1441 661 1505 tuli:
676 1443 773 1505 uitiis
780 1443 942 1526 patientia
956 1445 1042 1508 uicta
1055 1451 1119 1520 ust.¹

202 1441 335 1721 Q
358 1545 442 1609 Cede
444 1545 594 1630 fatc'gato
604 1552 735 1631 pectore,
754 1549 864 1634 turpis
876 1550 989 1614 amor!

336 1652 468 1716 Scilicet
480 1653 610 1715 asserui
612 1653 685 1736 jam
700 1675 756 1728 me,
765 1644 913 1738 fugique
925 1662 1061 1726 catenas,

277 1757 326 1822 Et
338 1779 408 1841 quae
421 1778 481 1821 non
491 1759 610 1842 puduit
613 1759 723 1841 ferre,
740 1761 855 1824 tulisse
864 1762 975 1844 pudet.

166 1887 184 1952 5
245 1865 391 1937 Vicimus,
410 1870 441 1929 et
453 1865 606 1929 domitum
615 1865 750 1949 pedibus
762 1867 920 1931 calcamus
932 1888 1068 1931 amorem
1080 1889 1090 1932 :

285 1973 444 2036 Venerunt
456 1971 559 2054 capiti
568 1993 686 2036 cornua
698 1993 773 2035 sera
786 1993 860 2039 meo.

192 2081 197 2088 ’
237 2077 360 2160 Perfer
372 2084 405 2140 et
418 2078 559 2143 obdurat
573 2078 662 2141 dolor
674 2078 728 2142 bic
739 2079 804 2142 tibi
809 2079 959 2161 proderit
971 2080 1069 2143 cline:

276 2185 368 2267 Supe
381 2183 461 2247 tulit
475 2184 573 2247 lassis
585 2205 679 2249 sucus
692 2205 825 2258 amarus
838 2196 933 2269 opem.

237 2290 333 2374 Ergo
345 2310 403 2372 ego
415 2290 567 2362 sustinui,
574 2289 707 2372 foribus
721 2297 784 2353 tum
799 2301 881 2375 saepc
894 2292 1053 2377 repulsus,

151 2420 186 2463 10
276 2398 455 2479 Ingenuum
470 2395 554 2459 dura
561 2405 680 2479 ponere
692 2408 805 2481 corpus
819 2397 941 2480 burno?

237 2502 331 2586 Ergo
345 2522 402 2584 ego
416 2501 517 2565 nescio
527 2503 590 2579 cui,
606 2523 697 2585 quern
710 2510 747 2565 tu
761 2506 918 2588 complexa
932 2503 1061 2578 tenebas,

276 2608 427 2672 Excubui
436 2609 585 2680 clausam,
602 2629 716 2672 seruus
730 2617 774 2682 ut,
792 2619 867 2673 ante
881 2610 1033 2674 domum?

244 2715 328 2788 Vidi,
346 2735 415 2777 cum
418 2713 551 2795 foribus
564 2715 670 2778 lassus
677 2716 828 2800 prodiret
841 2722 973 2789 amator,

276 2820 459 2886 Invalidum
474 2821 618 2901 referens
630 2823 858 2906 emeritumque
871 2823 970 2888 latus.

150 2945 184 3009 15
237 2927 306 2992 Hoc
319 2935 423 2990 tamen
437 2933 483 2990 cst
497 2928 610 3000 leucus,
626 2949 719 3011 quam
731 2929 814 3011 quod
825 2950 896 2991 sum
911 2929 1001 2993 uisus
1014 2928 1053 2992 ab
1068 2929 1147 2993 illo:
1168 2976 1170 2987 ,

276 3034 420 3111 Evenrut
433 3035 552 3096 nostris
564 3033 704 3096 hostibus
719 3034 776 3097 ille
785 3033 913 3116 pudor!

239 3139 372 3222 Quande
384 3159 442 3222 ego
455 3159 514 3202 non
519 3139 614 3224 finus
627 3140 727 3203 lateri
732 3140 896 3224 patienter
909 3139 1043 3216 adbaesi,

276 3248 347 3329 Ipse
361 3253 435 3308 tuus
448 3250 558 3322 custos,
576 3246 640 3328 ipse
654 3247 719 3318 uir,
737 3247 804 3330 ipsc
817 3246 944 3309 comes?
1064 3309 1067 3313 .

236 3353 370 3418 Scilicet
382 3356 414 3414 ct
421 3352 534 3435 populo
544 3362 605 3435 per
618 3372 666 3414 me
678 3353 824 3416 comitata
830 3351 997 3436 placebas:

147 3480 184 3522 20
276 3458 304 3522 C
304 3479 381 3522 ausc
384 3458 460 3540 fuit
475 3458 588 3520 multis
601 3465 708 3521 noster
720 3458 840 3520 amoris
852 3478 950 3521 amor.

241 3565 361 3649 Turpia
375 3564 458 3646 quid
469 3563 609 3646 referam
624 3584 713 3626 nanu
727 3563 888 3626 mendacia
903 3564 1037 3647 linguae,

275 3672 323 3739 El
329 3670 516 3762 perjuratus
532 3671 565 3733 in
580 3689 647 3738 mea
662 3671 778 3735 damna
792 3670 892 3738 deos?
