2648 4470
184 366 240 430 168
573 377 672 426 ussa
689 376 840 428 TERTIUS

220 633 248 696 A
264 638 372 697 tenero
386 631 552 713 quisquam
566 631 613 692 sic
626 632 740 715 surgit
754 651 844 693 moue
853 631 971 714 puella!

260 739 418 801 Protinus
433 743 468 798 ut
480 743 602 799 sanctos
609 739 711 822 possit
724 738 818 801 adire
833 737 928 800 deos?

130 863 168 929 55
220 845 289 909 Sed
300 866 359 907 non
373 843 497 916 blanda,
510 851 596 926 puto,
616 866 675 906 non
689 845 806 927 optima
815 843 967 929 perdidit
982 843 1016 904 iu
1033 863 1080 904 me

262 952 403 1044 Oscula!
417 971 477 1012 nou
491 950 579 1013 omui
588 951 779 1014 sollicitavit
792 959 868 1034 ope!

221 1059 287 1122 Illa
296 1078 420 1142 graves
429 1057 536 1141 potuit
549 1078 693 1139 quercus,
712 1058 944 1139 adamantaque
959 1058 1085 1127 durum,

262 1163 434 1246 Surdaque
446 1164 616 1226 blanditiis
629 1185 707 1226 saxa
723 1185 845 1226 movere
859 1165 929 1226 suis
938 1190 950 1236 ,·

222 1273 338 1356 Digna
352 1271 554 1348 mouerefuit
567 1278 652 1333 certe
665 1272 814 1352 uiuosque
828 1271 998 1352 virosque:

130 1381 171 1442 60
260 1378 329 1441 Sed
342 1397 437 1460 neque
451 1384 519 1439 tum
534 1377 612 1449 ozni,
632 1397 688 1438 nec
702 1379 762 1448 vir,
785 1384 822 1439 ut
834 1385 916 1449 onte,
925 1378 998 1458 sui.

225 1483 316 1565 Quid
321 1483 426 1565 juvet,
445 1481 488 1544 ad
502 1482 620 1545 surdas
633 1483 667 1543 si
677 1488 784 1544 contet
797 1482 954 1545 Phemius
968 1485 1093 1546 aures?

262 1588 354 1671 Quid
365 1588 517 1650 miserum
535 1588 718 1670 Thamyran
728 1590 816 1672 picta
831 1589 950 1652 tubello
956 1590 1084 1674 juvat?

222 1699 269 1762 At
281 1717 353 1779 quoe
367 1716 425 1758 uon
440 1694 695 1774 tacztaformaoi
703 1696 831 1778 gaudia
846 1703 969 1759 mente!

263 1803 348 1884 Quos
361 1822 420 1886 ego
434 1800 596 1885 noufiuni
607 1801 811 1885 disposuique
825 1801 950 1866 modost

131 1914 169 1993 65
222 1911 345 1975 Nostra
360 1915 462 1971 tumen
469 1908 603 1991 jacuere
617 1909 705 1970 velut
712 1914 911 1991 prumortuu
926 1908 1064 1971 membra

265 2016 428 2098 Turpiter,
447 2015 595 2077 hesterna
609 2014 820 2097 languidiora
835 2034 919 2079 rosa.

226 2123 305 2203 Qum
319 2143 402 2183 nunc
415 2140 480 2184 ecce
494 2121 608 2203 uigent
622 2121 846 2203 intempestiua
861 2122 1050 2206 valentque;

262 2229 360 2291 Nunc
372 2237 447 2311 opus
460 2232 626 2309 exposcunt
640 2227 857 2309 militiamque
868 2247 970 2291 suum.

226 2333 312 2414 Quin
329 2333 404 2396 r'stic
412 2331 601 2415 pudibunda
608 2331 707 2414 jaces,
722 2344 803 2416 pars
812 2333 952 2415 pessz'mo
968 2336 1100 2399 nostri?

136 2461 174 2524 70
264 2439 404 2503 sicum
414 2438 571 2521 pollicitis
584 2445 695 2520 captus
709 2445 739 2500 et
752 2447 826 2503 unte
839 2439 917 2502 tuis.

231 2546 261 2608 T
257 2567 277 2607 u
292 2544 577 2625 domiuumfallis,·
586 2554 649 2627 per
662 2552 694 2607 te
707 2545 882 2628 deprensus
898 2547 1044 2622 inermis,

271 2651 397 2714 Tristia
411 2671 480 2713 cum
495 2669 610 2732 magno
624 2650 739 2713 damna
750 2652 872 2734 pudore
885 2652 936 2714 tul
938 2653 960 2718 i.

228 2759 322 2823 Hauc
335 2757 431 2819 etiam
446 2776 505 2818 nou
518 2762 565 2818 est
578 2777 645 2819 oneo
660 2758 835 2841 dedignata
845 2760 955 2842 puello

267 2863 416 2926 Molliter
430 2862 554 2925 admoto
568 2864 746 2927 sollt'u'tore
760 2886 876 2940 mauu,·

139 2988 175 3054 75
228 2971 297 3034 Sed
300 2975 468 3054 postquam
483 2971 590 3032 nullas
603 2990 797 3053 consurgere
805 2980 897 3053 posse
906 2981 968 3055 per
982 2979 1079 3048 artes,

115 3061 118 3065 ’
268 3076 540 3157 Immemoremque
553 3077 609 3138 sui
615 3076 819 3161 procubuisse
834 3078 921 3140 videt
935 3100 946 3142 .·
1144 3070 1148 3076 ⁵

229 3203 247 3244 «
263 3182 354 3262 Quid
366 3203 413 3243 me
428 3182 541 3245 ludis?
553 3183 613 3257 ait,
629 3184 703 3264 quis
717 3189 754 3254 te,
774 3184 854 3245 male
868 3204 951 3258 saue,
962 3184 1094 3267 jubebat

269 3289 411 3351 lunilum
427 3294 529 3350 nostro
538 3298 656 3371 ponere
670 3286 807 3349 membru
821 3289 917 3350 toro?

230 3394 300 3456 Aut
313 3401 343 3456 te
357 3394 502 3477 trajectis
515 3394 613 3456 AEaeo
627 3393 764 3476 oeuqioa
779 3394 866 3455 lanis

141 3506 179 3567 80
268 3499 415 3572 Devovet,
434 3506 489 3562 ont
502 3501 566 3562 olio
581 3502 684 3562 lassus
697 3519 803 3562 amore
817 3499 917 3565 uenis.
935 3520 954 3562 s>

200 3629 202 3632 ·
232 3606 299 3669 Nec
313 3627 408 3677 moro,
427 3606 559 3668 desiluit
572 3607 679 3669 tunica
694 3607 800 3668 velata
814 3606 916 3670 soluta
931 3633 942 3669 :

272 3714 320 3776 Et
334 3713 439 3775 decuit
453 3713 552 3775 nudos
558 3712 763 3796 proripuisse
771 3713 889 3796 pedes;
