2648 4470
192 361 247 460 ¹953
582 372 682 445 171ssst
699 371 849 433 somus

225 629 270 692 At
285 638 387 712 nuper
402 628 450 689 bis
454 626 550 710 flaua
573 628 600 690 C
601 627 696 700 blida,
716 634 766 689 ter
780 627 917 690 candida
931 628 1040 699 Pitho,

268 737 331 799 Ter
345 735 443 799 Libas
457 734 555 818 officio
569 736 752 797 continuata
767 754 831 797 meo
845 741 893 796 est
901 761 912 807 ,·
949 795 952 803 ,

132 857 171 921 25
224 842 376 925 Exigere
388 862 408 903 a
423 841 509 903 nobis
521 848 664 924 angusta
679 847 763 904 nocte
777 841 964 917 Corinnam,

264 949 320 1012 Me
333 948 468 1012 memini
478 968 625 1010 numeros
637 948 835 1011 sustinuisse
847 968 966 1010 nouem.

223 1058 314 1120 Num
328 1077 396 1118 mea
415 1055 594 1119 Thessalico
608 1056 766 1139 languent
778 1055 889 1118 devota
905 1074 1020 1118 ueneno

266 1164 437 1246 Corpora?
450 1184 525 1224 num
540 1163 655 1224 misero
664 1182 790 1225 carmen
802 1169 834 1224 et
852 1161 949 1224 herba
964 1169 1080 1236 nocent,

223 1269 354 1354 Sagave
362 1269 504 1352 poenicea
519 1267 635 1352 defixit
649 1267 775 1331 nomino
790 1288 872 1340 cera,

131 1394 171 1458 30
263 1376 311 1440 Et
323 1374 462 1439 medium
476 1383 586 1438 tenues
601 1375 635 1437 in
641 1374 739 1458 jecur
752 1376 824 1458 egit
836 1377 943 1439 acus?

227 1483 381 1565 Carmine
390 1482 513 1569 ¹le’saUC
514 1502 586 1543 eres
599 1481 744 1544 sterilem
759 1481 900 1561 uanescit
916 1482 950 1543 in
965 1481 1104 1556 turbam,

264 1588 430 1685 Deficiunt
444 1587 519 1651 laesi
529 1587 671 1650 carmine
674 1588 784 1669 fontis
798 1608 896 1669 aqna,
1024 1598 1040 1635 ⁸

155 1734 158 1738 Δ
182 1714 188 1738 ·-
224 1691 356 1773 Ilicibus
366 1693 507 1778 glandes
520 1700 705 1778 cantatoque
720 1695 842 1757 vitibus
858 1715 922 1757 uva

265 1801 403 1883 Decidit,
423 1809 455 1864 ct
469 1802 558 1864 nullo
566 1811 660 1885 poma
674 1801 947 1886 mouentefluunt.

133 1928 170 1994 35
226 1908 317 1991 Quid
328 1914 414 1971 uetat
427 1915 458 1970 ct
472 1929 584 1970 neruos
599 1909 742 1992 magicas
755 1916 882 1992 torpere
891 1915 1079 1991 perantes?

264 2016 419 2080 Forsitan
435 2016 606 2099 impatiens
619 2017 663 2077 sit
677 2016 764 2078 latus
780 2016 853 2078 iude
868 2037 981 2079 meam.

225 2123 300 2185 Huc
310 2122 417 2206 pudor
430 2123 562 2185 occessit
571 2145 581 2186 .·
587 2122 680 2203 facti
685 2122 792 2205 pudor
807 2124 872 2206 ipse
887 2123 1012 2185 nocebat
1023 2148 1036 2195 ,-

265 2229 409 2310 lllefuit
423 2230 505 2291 uitii
513 2250 608 2291 causa
621 2228 758 2290 secunda
774 2229 846 2293 mei.

225 2336 272 2398 Ar
286 2336 408 2418 qualem
424 2334 499 2396 uidi
509 2340 632 2397 tantum
646 2335 802 2418 tetigique
811 2337 953 2418 puellam
965 2344 977 2398 !
1009 2379 1014 2399 ⁴

134 2460 174 2521 40
266 2441 325 2503 Sic
338 2442 434 2503 etiam
448 2442 557 2503 tunica
571 2443 726 2524 tangitur
741 2442 801 2504 illa
815 2463 885 2506 sua.

227 2548 324 2610 [llius
337 2548 382 2609 ad
392 2553 511 2610 tactum
525 2547 646 2630 Pylius
653 2547 864 2629 jzcvenescere
872 2549 982 2632 possit,

272 2654 476 2737 Tithonosque
489 2655 585 2716 annis
589 2653 718 2738 fortior
731 2675 797 2717 esse
811 2655 890 2716 suis.

228 2762 309 2824 Haec
320 2760 406 2823 mibi
416 2761 616 2844 contigerat!
630 2761 686 2823 scd
700 2762 755 2823 vir
770 2782 829 2822 non
844 2763 981 2844 contigit
997 2762 1064 2824 illi.

270 2868 358 2947 Quas
372 2889 454 2931 nnnc
468 2868 639 2951 concipiam
649 2879 712 2952 per
728 2888 806 2930 noua
822 2874 891 2930 uota
900 2877 1036 2950 preces?

136 2991 175 3058 45
229 2974 333 3037 Credo
347 2975 441 3036 etiam
456 2995 596 3057 magnos,
614 2996 672 3057 quo
685 2996 755 3036 sum
769 2981 834 3035 tam
849 2975 994 3058 turpiter
1009 2995 1094 3046 usus,

268 3081 419 3143 Muneris
433 3081 535 3144 oblati
539 3081 730 3163 penituisse
744 3081 825 3144 deos.

205 3234 209 3241 -
232 3188 384 3270 Optabam
399 3193 483 3249 certe
498 3189 620 3269 recipi:
634 3209 705 3249 sum
721 3197 827 3269 nempe
842 3195 986 3269 receptus
996 3215 1007 3259 ,-

271 3294 492 3373 Osculaferre
502 3314 512 3355 :
528 3295 578 3355 tul
581 3293 595 3354 i
602 3320 614 3367 ,·
624 3295 792 3377 proximus
806 3314 873 3355 esse
884 3293 972 3374 :fni

232 3402 298 3481 Quo
312 3399 548 3480 mibifortnnae
561 3407 684 3461 tantum
696 3410 709 3465 ,2
723 3421 783 3482 quo
797 3421 899 3483 regna
914 3401 984 3463 sine
999 3409 1084 3464 usu?

138 3526 177 3591 50
271 3507 367 3587 Quid.
387 3507 457 3568 m'si
464 3506 593 3590 possedi
605 3507 695 3569 diues
708 3528 829 3568 auarus
843 3515 935 3589 opes?

230 3615 287 3676 Sic
300 3620 372 3676 aret
387 3613 502 3676 mediis
516 3614 613 3676 taciti
624 3613 777 3697 urclgator
792 3613 825 3673 in
842 3613 946 3681 condis,

269 3721 434 3804 Pomaque,
453 3741 522 3803 quae
536 3720 622 3782 nullo
636 3726 772 3803 tempore
786 3725 906 3801 tangat,
927 3719 1028 3782 babet.
