2648 4470
184 346 239 410 182
573 358 672 410 unm
689 359 840 409 messus

220 612 308 687 Illic,
324 611 483 674 sideream
497 613 614 675 muudi
623 614 685 695 qui
695 618 851 696 temperat
860 633 975 683 arcem,

260 719 419 801 Exiguus
431 725 539 780 tenera
553 720 603 782 lac
617 719 698 783 bibit
711 740 765 781 are
774 730 858 802 puer
867 745 881 793 ,-

115 807 120 816 ¹
221 826 346 908 Magna
351 824 439 907 fides
452 826 531 887 testi
542 853 552 888 :
567 828 658 888 testis
672 827 827 889 laudatur
840 827 992 907 alumna]

259 932 439 995 Fassuram
455 932 604 995 Cererem
618 933 757 996 crimina
772 940 844 995 nata
852 938 941 1014 puta.

130 1060 146 1103 2
149 1058 166 1121 5
229 1039 362 1102 Viderat
375 1039 497 1101 Iasium
512 1038 639 1101 Cretaea
654 1041 730 1117 diua
742 1040 801 1109 snb
814 1039 873 1101 Ida

259 1145 433 1228 Figentem
447 1152 535 1207 certa
549 1153 645 1228 terga
649 1146 768 1227 ferina
783 1166 878 1208 manu
888 1171 899 1215 ‚-

227 1251 325 1325 Vidit,
344 1259 375 1314 el
390 1257 426 1313 ut
440 1258 558 1313 tenerae
570 1251 733 1332 flammam
749 1261 885 1334 rapuere
899 1251 1056 1322 medulla,

258 1356 349 1420 Hinc
356 1356 471 1440 pudor,
489 1377 530 1419 ex
545 1358 604 1420 illa
614 1364 710 1439 parte
723 1358 868 1420 trahebat
881 1378 980 1420 amar.

227 1463 336 1526 Victus
348 1483 454 1527 amare
461 1462 579 1546 pudor.
594 1463 709 1526 Sulcas
722 1484 818 1525 arere
832 1464 970 1535 uideres,

127 1591 166 1654 30
220 1562 225 1573 ’
260 1570 309 1633 Et
320 1575 390 1632 sata
402 1589 473 1631 cum
487 1570 620 1631 minima
631 1577 727 1652 parte
742 1569 852 1632 redire
865 1570 940 1642 sui,·

222 1677 303 1742 Cum
317 1677 392 1740 bene
397 1675 521 1758 jactati
527 1677 703 1759 pulsarant
715 1697 798 1740 arua
812 1676 944 1760 ligones,

258 1783 407 1866 Ruperat
419 1788 452 1845 et
463 1782 583 1846 duram
596 1803 704 1846 numer
716 1782 861 1846 mancus
874 1783 1014 1854 humum,

218 1889 413 1972 Sentiumque
427 1889 463 1952 in
478 1890 560 1952 latos
574 1891 681 1952 ierunt
692 1890 863 1974 aqualiter
876 1911 984 1974 agras,

259 1996 367 2060 lrrita
379 1997 504 2081 decepti
513 2003 585 2060 uota
599 1997 731 2060 calentis
742 2003 848 2059 erant.

127 2121 165 2186 35
219 2102 308 2167 aaa
320 2109 428 2188 patens
430 2103 580 2187 frugum
591 2103 689 2166 siluis
702 2101 843 2167 cessabat
857 2103 893 2166 ia
905 2103 1003 2176 altis:

259 2209 457 2273 Deciderant
470 2211 576 2294 langa
587 2211 692 2294 spicea
703 2215 793 2273 serta
806 2229 910 2273 came.

219 2315 376 2396 Salafuil
390 2316 418 2378 C
420 2321 487 2378 rete
488 2315 631 2395 secunda
634 2315 770 2399 fertilis
782 2336 864 2379 anna
877 2343 889 2380 .-

261 2422 387 2490 Omnia,
406 2442 468 2505 qua
482 2423 606 2485 tulerat
618 2443 651 2483 se
665 2422 732 2496 dea,
751 2424 862 2485 messis
873 2431 966 2495 erat;

195 2585 199 2591 .
221 2527 290 2610 Ipse
304 2529 390 2589 lacus
405 2548 565 2590 nemorum
580 2529 708 2591 canebat
711 2529 875 2612 frugibus
888 2529 964 2603 Idu,

128 2653 169 2712 40
263 2633 311 2696 Et
313 2634 415 2715 fierns
430 2636 463 2696 in
477 2635 564 2696 silva
576 2635 674 2710 farra
690 2621 819 2698 metebat
831 2647 920 2719 aper,

224 2741 361 2823 Optauit
373 2742 481 2803 Minas
492 2742 616 2803 similes
628 2742 695 2804 sibi
705 2739 826 2825 legifer
839 2762 947 2814 annas,

263 2847 397 2930 Optauit
411 2847 544 2910 Cereris
558 2849 673 2931 tangus
688 2856 725 2910 ut
737 2855 817 2910 esset
831 2868 930 2913 amar.

224 2954 318 3036 Quod
328 2954 395 3017 tibi
404 2955 562 3017 secubitus
573 2955 695 3026 tristes,
712 2955 771 3018 dea
784 2954 884 3035 flaua,
892 2956 1048 3037 fuissent,

263 3060 331 3125 Hoc
345 3081 440 3145 cogar
452 3061 555 3124 sacris
572 3082 655 3124 nunc
666 3062 829 3144 egafhme
842 3062 921 3126 tuis.

131 3184 170 3247 45
226 3167 311 3248 [Cur
320 3187 378 3250 ego
391 3168 453 3229 sim
467 3168 588 3244 tristis,
604 3187 673 3230 cum
687 3169 731 3230 sit
744 3168 808 3230 tibi
819 3175 896 3231 nata
910 3176 1048 3252 reperta,

263 3274 437 3356 Regnaque
449 3294 543 3356 quam
557 3273 648 3353 Juua
660 3280 746 3336 sorte
759 3276 880 3338 minare
895 3276 1023 3359 regatt]

225 3380 323 3447 Festa
336 3379 406 3441 dies
424 3381 632 3463 Veneremque
646 3388 734 3443 vacat
747 3389 918 3464 cantusque
931 3402 1116 3465 merumque
1130 3409 1142 3446 ,-

264 3487 345 3554 Here
357 3487 446 3554 decet
458 3486 504 3549 ad
514 3486 654 3556 dominas
667 3508 800 3560 munera
805 3488 904 3570 ferre
917 3488 998 3562 dtas.
