2648 4470
185 280 241 362 136
578 294 846 347 ussensennus

128 567 167 632 47
221 549 269 611 Et
282 556 386 612 tamen
400 551 526 612 emerui
531 550 608 634 plns
620 571 713 633 qnam
728 557 765 612 tu
772 562 875 636 passe,
883 553 1022 630 ferendo

261 657 370 720 Multa
385 658 558 739 supercilia
572 678 631 720 nan
640 658 795 741 patienda
811 665 874 723 tna.

128 779 167 844 43
220 764 355 829 Rustica
368 764 414 826 sit
428 765 499 827 sine
513 784 561 828 me
575 765 693 828 lasczai
702 772 805 828 mater
817 767 966 830 Amoris:

259 871 349 934 Huic
362 891 420 954 ega
430 872 569 954 proveni
579 873 650 934 lena
663 892 820 956 comesque
833 873 901 937 dee·
909 900 920 947 ,·

127 991 166 1056 45
221 978 324 1057 Quam
339 985 376 1040 tu
391 999 450 1041 nan
459 981 584 1061 poteris
597 979 678 1042 duro
693 1000 839 1043 reserare
853 981 1011 1056 cothurno,

260 1086 341 1149 Heec
353 1091 401 1148 est
414 1085 584 1150 blanditiis
588 1088 694 1170 janna
709 1087 787 1150 laxa
801 1089 881 1151 meis
888 1113 902 1164 ‚-

126 1206 167 1270 49
219 1195 290 1256 Per
303 1213 353 1256 me
366 1192 491 1277 decepto
505 1194 623 1257 didicit
637 1193 762 1257 custode
779 1194 922 1258 Corinna

258 1299 402 1362 Liminis
414 1299 572 1362 adstricti
582 1301 761 1364 sollicitare
766 1299 879 1384 fidem,

219 1405 397 1488 Delabique
411 1411 479 1469 tara
492 1407 601 1470 tunica
616 1407 722 1471 velata
735 1408 847 1480 soluta,

258 1513 367 1595 Atque
381 1503 587 1597 r'rnpereussas
600 1520 687 1578 nacte
700 1534 823 1576 movere
832 1512 939 1596 pedes.

228 1618 284 1682 Vel
296 1620 581 1703 quatiensfaribns
594 1620 690 1683 durz's
705 1621 807 1684 incisa
816 1620 962 1703 pependi,

258 1727 333 1789 Nan
348 1727 453 1790 verita
467 1747 487 1789 a
494 1728 611 1810 popula
621 1733 837 1810 pretereunte
850 1727 942 1810 legi;

128 1849 166 1916 55
221 1835 309 1915 Quin
322 1855 381 1918 ego
397 1854 446 1896 me
460 1834 599 1907 memini,
617 1835 693 1897 dum
708 1840 811 1897 custos
823 1853 928 1896 saeans
940 1833 1056 1908 adiret,

259 1943 399 2008 Ancilla
413 1942 545 2004 missam
561 1941 730 2005 delituisse
743 1941 820 2003 sz‘nu
829 1965 843 2015 ,-

220 2049 318 2131 Qnid,
337 2070 407 2113 cum
424 2070 472 2113 me
485 2070 600 2112 munus
615 2049 725 2112 natali
735 2048 847 2123 mittis,
865 2047 958 2111 atili

257 2156 403 2240 Rumpit,
419 2164 452 2220 et
464 2156 606 2240 apposita
620 2156 759 2219 barbara
774 2156 890 2218 mersit
902 2160 1011 2239 aquai

220 2263 339 2326 Prima
353 2269 417 2326 tun
430 2263 636 2345 manifelieia
649 2263 771 2326 semina
785 2264 921 2327 mentis:

128 2371 168 2432 60
260 2370 383 2432 Munus
398 2369 502 2447 habes,
518 2370 600 2453 quad
612 2376 644 2432 te
651 2371 727 2452 jam
738 2371 823 2454 petit
838 2371 908 2443 ista,
927 2390 1041 2434 meum.
1058 2390 1078 2432 n

220 2477 390 2549 Desierat·
405 2477 503 2561 caepi:
517 2499 536 2540 ‹<
551 2479 621 2541 Per
635 2499 689 2541 vas
703 2483 868 2560 utramque
883 2497 1049 2560 rogamus,

260 2583 299 2646 In
314 2604 430 2646 vacuas
444 2605 542 2647 aures
556 2585 652 2647 verba
666 2584 811 2648 timentis
823 2589 907 2646 eant.

220 2691 337 2754 Altera
352 2712 400 2753 me
413 2698 534 2775 sceptra
548 2691 676 2755 decoras
689 2693 813 2773 altaque
826 2689 977 2753 cothurno
990 2709 1000 2753 :

260 2800 342 2879 Jam
356 2820 438 2862 nunc
451 2804 587 2862 contacto
602 2819 739 2881 magnus
754 2797 787 2858 in
802 2817 855 2860 ore
868 2816 983 2871 sanus,-

128 2906 167 2986 65
220 2907 338 2969 Altera
352 2905 411 2969 das
425 2913 531 2969 nastra
546 2906 707 2968 vr’etnrum
723 2925 831 2968 namen
845 2904 970 2969 amori:

260 3013 295 3076 E
295 3033 355 3096 rga
368 3011 454 3089 ades,
471 3019 502 3074 et
516 3012 626 3096 longis
637 3012 783 3077 versibus
796 3012 878 3075 adde
891 3011 1011 3075 breves.

222 3119 391 3203 Exiguum
406 3120 627 3196 vaticancede,
649 3119 831 3202 Tragoedia,
850 3125 989 3201 tempus:

265 3227 312 3291 Tn
327 3227 415 3289 labor
423 3232 563 3289 aeternus
571 3251 585 3301 ,·
598 3225 683 3308 qnod
688 3225 775 3309 petit
790 3225 860 3302 illa,
878 3226 972 3288 breve
985 3229 1043 3287 est.
1057 3243 1076 3285 ν

222 3333 310 3396 Maia
323 3332 412 3396 dedit
426 3334 569 3396 neniam:
585 3333 692 3395 teneri
697 3339 915 3416 properentur
925 3331 1070 3407 Amores,

131 3458 169 3522 70
262 3442 350 3506 Dum
366 3446 475 3516 vacat;
488 3462 508 3504 a
522 3447 615 3525 tergo
624 3439 794 3527 grandius
809 3445 906 3522 urget
918 3447 1004 3522 opus.
