2648 4470
611 315 887 381 mutassemus
926 392 930 399 1

257 576 356 655 Mo
369 593 483 639 monus
495 578 656 661 sceptrum
671 572 734 637 tate
747 571 860 656 regale
873 568 1070 657 mouebat

296 680 431 777 ‚Lydius
437 681 506 755 utta
514 679 643 777 pedum
649 679 816 754 vinciat
768 699 801 745 co
802 654 952 753 thuribus
955 666 1038 761 irat.
1119 662 1140 693 ²
1227 755 1230 760 ¹

170 805 206 872 15
257 790 308 856 Et
315 788 439 873 prc'or:
453 782 610 871 «Ecquis
622 776 700 863 citt,
716 785 818 863 dc'ccil
834 784 986 870 tibifinis
999 764 1192 862 arnaudi,

301 895 331 958 0
346 895 562 979 argumentil
561 915 598 956 cn
600 899 631 956 te
637 898 710 976 poet
710 914 729 956 a
743 892 820 958 tuit

259 1002 449 1085 Nequitiam
465 1001 574 1064 vinosa
588 1007 674 1064 tuam
690 1000 837 1062 convenia
851 1004 1003 1076 narrant,

300 1110 454 1172 Narrant
468 1108 502 1169 in
517 1108 635 1170 multos
649 1106 781 1191 compita
795 1111 881 1170 secta
895 1105 989 1181 vcas,·

261 1215 353 1301 Saepe
366 1214 488 1299 aliquis
503 1214 609 1297 digito
623 1220 726 1276 uatem
741 1213 892 1296 designat
904 1217 1038 1290 euntem,

167 1339 208 1388 20
301 1322 406 1405 Atque
418 1322 466 1385 uit
481 1342 491 1386 :
505 1341 524 1384 u
540 1320 615 1398 Hic,
632 1321 684 1384 bic
698 1328 756 1396 est,
769 1340 862 1402 quem
868 1321 968 1400 ferus
981 1319 1052 1384 urit
1066 1320 1177 1384 Amor.
1196 1340 1217 1384 ν

261 1427 401 1505 Fabula,
418 1448 473 1491 nec
485 1428 596 1504 sentis,
613 1434 677 1491 tota
683 1427 826 1511 jactaris
842 1428 875 1488 in
894 1427 988 1504 Urbe,

300 1536 387 1599 Dum
402 1539 458 1598 tua
469 1535 638 1618 praeterito
640 1536 737 1616 ficeta
747 1534 869 1615 pudore
883 1533 1000 1616 reflers.

267 1644 399 1726 Tempus
411 1647 482 1705 erat
495 1641 605 1726 thyrso
613 1642 745 1726 pulsum
756 1641 915 1724 grauiore
929 1641 1072 1716 moueri,·
1097 1710 1099 1715 ,

302 1749 467 1812 Cessatum
480 1749 560 1811 satis
574 1755 622 1811 est
636 1770 647 1814 .·
663 1749 765 1832 incipe
781 1748 891 1831 majus
907 1758 1005 1832 opust

170 1875 208 1940 25
263 1856 407 1920 Materia
415 1855 539 1941 premis
554 1856 721 1939 ingenium
730 1881 742 1930 ,·
758 1855 933 1937 cancsacta
949 1855 1095 1920 aurorum
1112 1879 1121 1919 :

303 1963 383 2026 Hsec
396 1962 512 2039 animo,
529 1962 625 2039 dices,
641 1963 819 2044 areafacta
834 1985 898 2027 meo
911 1970 968 2027 est.

264 2070 359 2153 Quod
370 2076 489 2133 tenere
501 2075 627 2133 cantent
641 2070 721 2132 lusit
735 2077 791 2133 tuo
805 2071 903 2134 Musa
913 2071 1042 2155 puellm,

303 2177 483 2259 Prcmaqne
491 2187 555 2261 per
568 2197 715 2241 numeros
727 2185 798 2241 acta
805 2177 945 2264 juventa
959 2199 1032 2242 suos
1040 2203 1054 2253 ,·

264 2285 363 2347 Nunc
375 2283 504 2347 babeam
515 2294 575 2367 per
588 2290 620 2348 tc
633 2285 776 2348 Romana
795 2285 970 2368 Tragoedia
985 2295 1119 2351 nomen!

174 2411 213 2476 30
305 2390 454 2474 Implebit
467 2391 554 2475 leges
566 2392 705 2476 spiritns
720 2393 781 2455 iste
795 2381 892 2455 meos.
908 2413 927 2453 »

213 2498 216 2502 ’
266 2498 438 2573 Hactenus,
456 2504 486 2560 et
499 2499 608 2576 mouit,
619 2498 720 2582 pictis
735 2499 850 2561 innixa
864 2497 1043 2574 cothurnis,

305 2604 449 2668 Densum
463 2605 596 2673 caesario
609 2612 719 2688 terque
732 2613 908 2689 quaterque
923 2610 1024 2689 caput.

267 2712 394 2788 Altera,
410 2711 444 2777 si
454 2712 596 2788 memini,
614 2713 702 2774 limis
715 2713 853 2775 subrisit
871 2711 1007 2777 ocellis:

304 2818 337 2881 F
337 2819 434 2895 ullor,
453 2839 494 2880 an
510 2820 544 2883 in
559 2819 675 2882 deutra
690 2826 815 2900 myrtea
829 2818 930 2902 ozrga
940 2819 1040 2898 suit?

176 2942 214 3008 35
268 2947 286 2988 ‹<
302 2925 394 3006 Quid
401 2925 563 3008 gravibus
576 2926 693 3003 uerbis,
709 2927 850 2989 animosa
870 2924 1054 3009 Tragoedia,
1071 2925 1178 3005 dreit,

307 3032 364 3097 Mc
371 3033 495 3116 premis
507 3034 525 3096 l
537 3055 579 3097 an
593 3055 762 3116 numquam
777 3055 836 3097 non
847 3033 968 3117 grauis
986 3052 1056 3097 esse
1063 3039 1154 3118 potos
1168 3037 1189 3101 l

204 3123 206 3127 Α
268 3139 450 3223 imparibus
463 3146 568 3203 tamen
581 3161 614 3203 es
628 3141 771 3202 numeris
785 3140 923 3223 dignata
937 3139 1084 3211 moveris

309 3249 347 3311 In
362 3269 410 3310 me
418 3248 579 3331 pugnasti
590 3248 738 3311 versibus
753 3268 809 3311 uso
824 3247 913 3312 meis.

270 3355 343 3419 Non
358 3376 415 3438 ego
428 3354 616 3419 contulerim
630 3354 782 3418 sublimia
795 3355 942 3417 carmina
956 3355 1078 3418 nostris
1093 3375 1103 3420 :

178 3477 218 3540 40
312 3462 431 3526 Obruit
444 3462 583 3545 exiguos
596 3464 691 3546 regia
710 3462 926 3546 oestrafores.

270 3570 350 3633 Sum
364 3569 457 3645 leons,
473 3575 504 3631 et
517 3590 634 3633 mecum
650 3570 802 3645 bonusest,
819 3591 887 3633 mea
900 3590 990 3646 cura,
1009 3568 1037 3634 C
1038 3568 1134 3653 opido
1150 3591 1161 3633 .·

311 3678 386 3743 Non
399 3697 471 3743 sum
485 3677 754 3766 moteriafortior
768 3677 837 3767 ipso
851 3696 919 3743 mea
927 3701 942 3751 ,·
