2648 4470
228 320 287 371 ¹22
603 316 705 368 noun
720 316 908 370 SECUNDUS

168 544 193 565 φ
223 629 225 634 .
264 573 424 638 Creditur
436 592 614 656 aequoream
627 573 751 637 Phthio
764 572 1011 657 Nereidarcgi,
1053 578 1080 631 i.
1160 620 1163 628 .

305 680 466 765 Egeriam
476 680 569 762 justo
582 680 784 744 concubuisse
797 682 923 755 Numae,
952 734 955 738 ,

274 787 410 852 Vulcano
431 786 587 862 Venerem,
606 790 764 870 quamuis
783 789 896 852 incude
910 789 1036 864 relicta,

173 910 213 958 20
311 894 465 978 Turpiter
478 895 601 977 obliquo
614 896 773 959 claudicet
787 896 844 959 oue
853 893 944 978 pede.
965 972 968 978 ,
1035 932 1048 951 -.

269 1002 436 1067 Carminis
444 1001 499 1064 noc
514 1002 616 1085 ipsum
626 1023 733 1085 genus
748 1004 863 1087 impar,
880 1002 937 1066 sed
948 1007 1053 1066 tamen
1066 1009 1139 1086 apte

305 1109 476 1192 Jungitur
488 1109 602 1171 herous
614 1129 685 1172 cum
698 1109 846 1174 breuiore
858 1108 957 1174 modo.

269 1219 316 1282 Tu
330 1237 451 1299 quoque
463 1237 521 1289 me,
539 1238 606 1280 mea
621 1217 689 1290 Iun,
710 1217 744 1278 in
758 1217 914 1299 quaslibet
928 1217 1032 1299 accipe
1046 1216 1137 1299 leges
1151 1240 1161 1280 .·

285 1308 290 1318 ⁸
309 1324 340 1388 Τ
333 1345 351 1387 e
364 1325 471 1386 deceat
484 1323 585 1386 medio
594 1323 680 1406 jura
695 1310 824 1387 dedisse
833 1329 911 1387 toro.

173 1441 211 1509 25
264 1431 338 1493 Non
352 1430 418 1493 tibi
428 1430 549 1492 crimen
563 1450 625 1503 ero,
645 1452 700 1494 nec
712 1451 771 1514 quo
785 1431 896 1493 lesere
911 1438 1027 1494 remoto
1035 1454 1048 1504 ,·

304 1538 379 1600 Non
393 1538 458 1600 erit
471 1537 525 1600 Ioic
539 1537 627 1599 nobis
642 1536 836 1621 infitiandus
848 1558 938 1600 amor
953 1558 963 1601 :

263 1645 351 1706 Sunt
364 1644 449 1707 mz'loi
455 1653 516 1727 pro
530 1664 644 1726 magno
648 1644 767 1727 selc'oia
779 1645 927 1706 carmina
942 1665 1044 1717 censu,

306 1753 354 1815 Et
367 1751 477 1813 multoe
485 1761 548 1835 per
561 1772 609 1814 me
623 1772 732 1814 nomen
747 1750 862 1815 habere
875 1753 984 1815 uolunt
992 1777 1004 1824 ,·

265 1857 357 1922 Noui
367 1858 517 1940 aliquam,
536 1879 653 1942 quaese
666 1858 876 1937 circumferat
886 1879 952 1922 esse
961 1858 1141 1922 Corinnam
1154 1878 1166 1922 :

172 1981 214 2046 30
310 1967 351 2029 Ut
354 1965 428 2050 fiat,
446 1965 528 2048 quid
540 1986 599 2028 non
615 1965 675 2027 illa
689 1964 815 2028 dedisse
830 1966 936 2029 uelit?

263 2072 332 2136 Sed
344 2092 440 2156 neque
454 2072 582 2135 diuersi
593 2073 667 2155 ripa
680 2073 837 2135 labuntur
849 2071 957 2135 eadem

306 2179 473 2262 Frigidus
486 2181 632 2243 Eurotas
642 2179 865 2263 populiferque
878 2178 1000 2252 Padus,

265 2288 334 2350 Nec
347 2287 417 2349 nisi
426 2292 464 2348 tu
478 2287 599 2350 nostris
609 2285 796 2350 cantabitur
808 2287 877 2349 ullo
893 2286 1031 2350 libellus:

306 2392 441 2475 Ingenio
454 2409 567 2455 causas
579 2399 616 2454 tu
630 2393 721 2455 dabc's
736 2413 799 2455 una
813 2412 887 2456 areo.

690 2914 819 2986 XVIII

371 3369 494 3419 ARMEN
508 3356 552 3418 ad
565 3355 686 3418 iratum
702 3355 777 3417 dum
791 3361 826 3416 tu
836 3354 989 3436 perducis
1002 3353 1165 3428 Achillea,

235 3362 368 3639 Q
390 3464 567 3546 Primaque
575 3463 706 3546 juratis
720 3462 832 3524 induis
844 3483 936 3525 arma
951 3461 1046 3534 oa'ris,
1217 3480 1220 3487 ·

370 3571 446 3642 Nos,
464 3571 585 3644 Macer,
605 3571 727 3655 ignaua
750 3570 881 3632 Veneris
893 3588 1049 3632 cessamus
1065 3567 1101 3630 in
1116 3567 1238 3643 mictu,

306 3679 354 3750 Et
368 3685 458 3743 tener
471 3697 605 3743 ausuros
616 3677 762 3763 grandia
766 3676 908 3760 frangit
921 3676 1031 3741 Amor.
