2648 4470
152 300 210 389 136
543 302 642 366 mess
659 304 810 371 sasinus

188 570 345 655 Penelope
358 571 485 644 mansit,
503 573 649 655 quamuis
663 573 789 637 custode
801 572 936 645 carebat,

228 679 319 742 Inter
332 683 376 739 tat
381 677 518 762 juvenes
534 679 720 745 intemerata
728 690 849 763 procas.

100 800 137 862 25
191 782 362 866 Quidquid
373 789 534 857 seruatur,
551 787 696 869 cupimus
710 787 826 870 magis,
845 787 975 870 ipsaque
978 787 1097 864 furem

203 898 205 903 '
231 890 258 953 C
260 911 321 952 ura
335 897 424 953 uacat
438 917 449 953 .·
458 891 564 973 pauci,
583 892 667 976 quad
677 893 759 954 sinit
771 893 864 966 alter,
883 901 1002 958 amant.

191 997 261 1061 Nec
263 998 357 1079 facie
364 997 472 1082 placet
487 998 546 1059 illa
559 1019 626 1070 sua,
644 997 703 1061 sed
712 1016 817 1062 amare
831 983 972 1064 mariti:

231 1104 348 1168 Nescia
360 1103 446 1187 quid,
465 1103 549 1187 quad
561 1111 593 1167 te
604 1105 733 1187 ceperit,
749 1126 816 1169 esse
824 1113 952 1190 putant.

192 1212 266 1276 Nan
275 1212 376 1294 praba
380 1210 435 1294 fit,
454 1232 548 1293 quem
564 1212 620 1273 vir
632 1218 752 1282 servat,
768 1212 827 1274 sed
837 1212 989 1276 adultera
1002 1233 1082 1276 cara
1098 1236 1108 1276 :

101 1334 140 1398 30
231 1320 302 1403 Ipse
315 1319 413 1381 tinear
420 1319 566 1402 pretium
581 1329 707 1403 carpere
720 1318 830 1402 majus
844 1318 943 1383 babet.

192 1425 370 1510 Indignere
384 1425 465 1498 licet,
477 1425 582 1508 juvat
596 1426 771 1487 inconcessa
785 1427 931 1509 uoluptas
945 1445 955 1489 :

231 1531 258 1597 S
258 1533 306 1596 ala
316 1533 431 1615 placet,
451 1533 574 1595 ‹cta'mea
588 1551 607 1594 ›>
620 1531 726 1594 dicere
737 1532 773 1594 si
782 1528 846 1613 qua
858 1538 968 1616 potest.

192 1638 262 1704 Nec
274 1645 379 1702 tumen
395 1638 567 1722 ingenuam
575 1638 639 1720 jus
651 1645 700 1701 est
713 1657 847 1702 seruare
856 1639 1000 1722 puellam
1012 1643 1026 1702 ί·

231 1746 298 1810 Hic
312 1751 412 1808 metus
425 1752 569 1808 externae
582 1755 711 1829 corpora
721 1747 833 1829 gentis
846 1750 950 1830 agat!

101 1867 152 1936 35·
192 1853 327 1917 Scilicet
341 1858 378 1915 ut
385 1853 489 1937 possit
501 1858 603 1915 custos
616 1873 634 1915 <‹
649 1872 707 1935 ega
721 1872 739 1914 a
752 1851 858 1916 dicere
871 1873 889 1916 ‹<
894 1851 972 1934 feci
983 1872 1010 1927 a,

232 1960 270 2023 In
285 1959 412 2022 laudem
426 1960 520 2022 serui
529 1965 616 2023 casta
628 1959 674 2021 sit
688 1959 748 2021 illa
763 1959 837 2024 tuit

193 2066 348 2129 Rusticus
361 2071 409 2129 est
422 2066 567 2139 na'rnc'um,
584 2085 675 2148 quem
689 2065 780 2129 laedit
792 2065 944 2130 adultera
957 2066 1090 2149 conjnx,

233 2172 267 2235 E
267 2179 280 2234 t
294 2178 378 2235 udos
391 2192 493 2234 mares
506 2151 565 2236 nan
579 2173 660 2235 satis
677 2172 775 2235 Urbis
788 2172 886 2244 babet,

194 2279 236 2367 In¹
248 2299 310 2362 qua
325 2279 524 2364 Martigena
537 2299 597 2342 nan
609 2285 684 2342 sunt
696 2281 766 2342 siue
779 2279 917 2342 crimine
930 2279 1005 2342 nati

101 2403 142 2465 40
235 2387 391 2450 Remulus
404 2385 523 2448 Iliades
536 2385 716 2470 Iliadesque
730 2387 860 2452 Remus.

197 2493 266 2573 Qua
279 2492 532 2574 tibifarmasam,
549 2494 584 2555 si
595 2514 653 2555 nan
668 2493 737 2555 nisi
747 2499 835 2557 casta
843 2493 1013 2577 placebat?

235 2600 311 2663 Nan
319 2606 453 2684 possunt
467 2599 547 2662 ullis
561 2599 623 2662 ista
637 2600 721 2662 caire
735 2600 856 2663 modis!

196 2705 241 2770 Si
251 2707 346 2789 sapis,
365 2705 500 2788 indulge
513 2706 656 2780 dominu,
675 2707 845 2790 uultusque
858 2726 985 2770 seueras

237 2814 273 2877 E
271 2826 343 2886 rue,
362 2832 417 2874 nec
430 2812 544 2896 rigidi
546 2812 630 2896 jura
644 2818 734 2875 tuere
746 2814 825 2888 viri,

106 2936 143 3000 45
199 2921 247 2984 Et
261 2920 331 2993 cale,
350 2940 427 3002 quas
439 2919 567 2983 dederit
581 2921 713 3001 (multas
727 2919 830 3000 dabat)
846 2940 927 2982 uxor
940 2921 1079 2985 amsans:

191 3034 194 3042 '
242 3027 358 3093 Gratia
372 3027 420 3090 sic
434 3027 563 3089 minima
577 3027 814 3112 magnalabare
827 3027 940 3103 uenit;
1183 3009 1186 3016 ¹

199 3135 258 3200 Sic
265 3134 390 3218 pateris
396 3133 557 3217 juvenum
571 3134 717 3198 conuiuia
730 3144 854 3218 semper
868 3135 962 3210 ancre,

241 3241 298 3316 Ea,
316 3261 388 3326 quac
401 3262 460 3303 nan
474 3240 611 3317 dederis,
630 3241 733 3304 multa
748 3240 860 3304 vadere
873 3240 968 3309 demi.
996 3309 997 3313 ,
