<?xml version="1.0" encoding="UTF-8"?>
<!DOCTYPE html PUBLIC "-//W3C//DTD XHTML 1.0 Transitional//EN"
    "http://www.w3.org/TR/xhtml1/DTD/xhtml1-transitional.dtd">
<html xmlns="http://www.w3.org/1999/xhtml" xml:lang="en" lang="en">
 <head>
  <title>
</title>
<meta http-equiv="Content-Type" content="text/html;charset=utf-8" />
  <meta name='ocr-system' content='tesseract 3.04.00' />
  <meta name='ocr-capabilities' content='ocr_page ocr_carea ocr_par ocr_line ocrx_word'/>
</head>
<body>
  <div class='ocr_page' id='page_1' title='image "./povidiinasonisa00ovidgoog_0253.png"; bbox 0 0 2648 4470; ppageno 0'>
   <div class='ocr_carea' id='block_1_1' title="bbox 177 363 1233 445">
    <p class='ocr_par' dir='ltr' id='par_1_1' title="bbox 177 363 1233 445">
     <span class='ocr_line' id='line_1_1' title="bbox 177 363 1233 445; baseline 0.006 -27"><span class='ocrx_word' id='word_1_1' title='bbox 177 363 233 443; x_wconf 60' lang='grc' dir='ltr'><em>ηε</em></span> <span class='ocrx_word' id='word_1_2' title='bbox 568 367 850 422; x_wconf 62' lang='lat' dir='ltr'><em>insaniemus:</em></span> <span class='ocrx_word' id='word_1_3' title='bbox 1169 363 1233 445; x_wconf 79' lang='lat' dir='ltr'><em>[xv</em></span> 
     </span>
    </p>
   </div>
   <div class='ocr_carea' id='block_1_2' title="bbox 120 624 1153 1894">
    <p class='ocr_par' dir='ltr' id='par_1_2' title="bbox 120 624 1153 1894">
     <span class='ocr_line' id='line_1_2' title="bbox 218 624 1153 708; baseline 0 -15"><span class='ocrx_word' id='word_1_4' title='bbox 218 630 247 694; x_wconf 86' lang='grc' dir='ltr'><em>Τ</em></span> <span class='ocrx_word' id='word_1_5' title='bbox 245 649 305 691; x_wconf 87' lang='lat' dir='ltr'><em>unc</em></span> <span class='ocrx_word' id='word_1_6' title='bbox 317 646 394 699; x_wconf 80' lang='lat' dir='ltr'><em>amo,</em></span> <span class='ocrx_word' id='word_1_7' title='bbox 413 633 489 688; x_wconf 83' lang='lat' dir='ltr'><em>tunc</em></span> <span class='ocrx_word' id='word_1_8' title='bbox 502 624 707 705; x_wconf 66' lang='lat' dir='ltr'><em>odifrustt‘a,</em></span> <span class='ocrx_word' id='word_1_9' title='bbox 724 625 810 708; x_wconf 84' lang='lat' dir='ltr'><em>quod</em></span> <span class='ocrx_word' id='word_1_10' title='bbox 820 630 930 690; x_wconf 77' lang='lat' dir='ltr'><em>amare</em></span> <span class='ocrx_word' id='word_1_11' title='bbox 942 640 1065 691; x_wconf 72' lang='lat' dir='ltr'><em>necesso</em></span> <span class='ocrx_word' id='word_1_12' title='bbox 1076 636 1127 692; x_wconf 81' lang='lat' dir='ltr'><em>est</em></span> <span class='ocrx_word' id='word_1_13' title='bbox 1140 651 1153 706; x_wconf 74' lang='grc' dir='ltr'><em>ς</em></span> 
     </span>
     <span class='ocr_line' id='line_1_3' title="bbox 120 732 993 819; baseline -0.005 -17"><span class='ocrx_word' id='word_1_14' title='bbox 120 757 161 819; x_wconf 89' lang='lat'><em>40</em></span> <span class='ocrx_word' id='word_1_15' title='bbox 258 737 289 799; x_wconf 87' lang='grc' dir='ltr'><em>Τ</em></span> <span class='ocrx_word' id='word_1_16' title='bbox 285 746 346 798; x_wconf 84' lang='lat' dir='ltr'><em>uota</em></span> <span class='ocrx_word' id='word_1_17' title='bbox 358 747 425 817; x_wconf 73' lang='lat' dir='ltr'><em>ega</em></span> <span class='ocrx_word' id='word_1_18' title='bbox 443 732 502 795; x_wconf 90' lang='lat' dir='ltr'><em>sed</em></span> <span class='ocrx_word' id='word_1_19' title='bbox 513 738 622 806; x_wconf 84' lang='lat' dir='ltr'><em>tecum,</em></span> <span class='ocrx_word' id='word_1_20' title='bbox 641 738 786 796; x_wconf 85' lang='lat' dir='ltr'><em>mortuus</em></span> <span class='ocrx_word' id='word_1_21' title='bbox 799 754 867 797; x_wconf 83' lang='lat' dir='ltr'><em>esse</em></span> <span class='ocrx_word' id='word_1_22' title='bbox 884 735 993 798; x_wconf 73' lang='lat' dir='ltr'><em>veizu.</em></span> 
     </span>
     <span class='ocr_line' id='line_1_4' title="bbox 213 839 1081 926; baseline -0.002 -19"><span class='ocrx_word' id='word_1_23' title='bbox 213 843 279 908; x_wconf 86' lang='lat' dir='ltr'><em>Nil</em></span> <span class='ocrx_word' id='word_1_24' title='bbox 291 841 436 925; x_wconf 74' lang='lat' dir='ltr'><em>equidem</em></span> <span class='ocrx_word' id='word_1_25' title='bbox 449 839 616 923; x_wconf 85' lang='lat' dir='ltr'><em>inquiram</em></span> <span class='ocrx_word' id='word_1_26' title='bbox 632 861 643 905; x_wconf 91' lang='lat'><em>:</em></span> <span class='ocrx_word' id='word_1_27' title='bbox 657 840 723 917; x_wconf 72' lang='lat' dir='ltr'><em>nei,</em></span> <span class='ocrx_word' id='word_1_28' title='bbox 738 860 810 924; x_wconf 71' lang='lat' dir='ltr'><em>quoe</em></span> <span class='ocrx_word' id='word_1_29' title='bbox 822 842 928 904; x_wconf 75' lang='lat' dir='ltr'><em>celare</em></span> <span class='ocrx_word' id='word_1_30' title='bbox 936 840 1081 926; x_wconf 81' lang='lat' dir='ltr'><em>paradis,</em></span> 
     </span>
     <span class='ocr_line' id='line_1_5' title="bbox 120 944 964 1032; baseline -0.002 -20"><span class='ocrx_word' id='word_1_31' title='bbox 120 992 126 1003; x_wconf 84' lang='lat'>-</span> <span class='ocrx_word' id='word_1_32' title='bbox 253 949 416 1032; x_wconf 81' lang='lat' dir='ltr'><em>Insequar,</em></span> <span class='ocrx_word' id='word_1_33' title='bbox 435 944 717 1027; x_wconf 74' lang='lat' dir='ltr'><em>etfhttiniuueris</em></span> <span class='ocrx_word' id='word_1_34' title='bbox 730 949 837 1010; x_wconf 89' lang='lat' dir='ltr'><em>instar</em></span> <span class='ocrx_word' id='word_1_35' title='bbox 848 948 936 1023; x_wconf 79' lang='lat' dir='ltr'><em>erit;</em></span> <span class='ocrx_word' id='word_1_36' title='bbox 962 962 964 968; x_wconf 84' lang='lat'>&#39;</span> 
     </span>
     <span class='ocr_line' id='line_1_6' title="bbox 213 1054 984 1138; baseline -0.003 -19"><span class='ocrx_word' id='word_1_37' title='bbox 213 1056 259 1119; x_wconf 87' lang='lat' dir='ltr'><em>Si</em></span> <span class='ocrx_word' id='word_1_38' title='bbox 268 1063 375 1118; x_wconf 84' lang='lat' dir='ltr'><em>tamen</em></span> <span class='ocrx_word' id='word_1_39' title='bbox 390 1055 425 1117; x_wconf 89' lang='lat' dir='ltr'><em>iu</em></span> <span class='ocrx_word' id='word_1_40' title='bbox 440 1054 543 1118; x_wconf 75' lang='lat' dir='ltr'><em>media</em></span> <span class='ocrx_word' id='word_1_41' title='bbox 558 1055 712 1136; x_wconf 77' lang='lat' dir='ltr'><em>deprensa</em></span> <span class='ocrx_word' id='word_1_42' title='bbox 725 1054 870 1117; x_wconf 78' lang='lat' dir='ltr'><em>tenebere</em></span> <span class='ocrx_word' id='word_1_43' title='bbox 882 1055 984 1138; x_wconf 68' lang='lat' dir='ltr'><em>culpa</em></span> 
     </span>
     <span class='ocr_line' id='line_1_7' title="bbox 255 1155 941 1247; baseline -0.004 -21"><span class='ocrx_word' id='word_1_44' title='bbox 255 1161 305 1226; x_wconf 88' lang='lat' dir='ltr'><em>Et</em></span> <span class='ocrx_word' id='word_1_45' title='bbox 301 1155 444 1247; x_wconf 74' lang='lat' dir='ltr'><em>fuerint</em></span> <span class='ocrx_word' id='word_1_46' title='bbox 457 1160 558 1225; x_wconf 73' lang='lat' dir='ltr'><em>oculto</em></span> <span class='ocrx_word' id='word_1_47' title='bbox 569 1160 688 1244; x_wconf 64' lang='lat' dir='ltr'><em>probeo</em></span> <span class='ocrx_word' id='word_1_48' title='bbox 703 1159 841 1223; x_wconf 75' lang='lat' dir='ltr'><em>videnda</em></span> <span class='ocrx_word' id='word_1_49' title='bbox 855 1160 941 1232; x_wconf 79' lang='lat' dir='ltr'><em>meo&#39;s,</em></span> 
     </span>
     <span class='ocr_line' id='line_1_8' title="bbox 122 1266 1055 1357; baseline 0 -25"><span class='ocrx_word' id='word_1_50' title='bbox 122 1291 161 1357; x_wconf 84' lang='lat'><em>45</em></span> <span class='ocrx_word' id='word_1_51' title='bbox 216 1271 297 1353; x_wconf 76' lang='lat' dir='ltr'><em>Quu</em></span> <span class='ocrx_word' id='word_1_52' title='bbox 310 1269 384 1333; x_wconf 84' lang='lat' dir='ltr'><em>bene</em></span> <span class='ocrx_word' id='word_1_53' title='bbox 397 1267 470 1332; x_wconf 60' lang='lat' dir='ltr'><em>uooa</em></span> <span class='ocrx_word' id='word_1_54' title='bbox 484 1266 714 1349; x_wconf 79' lang='lat' dir='ltr'><em>mo&#39;hifioerint,</em></span> <span class='ocrx_word' id='word_1_55' title='bbox 733 1266 808 1330; x_wconf 88' lang='lat' dir='ltr'><em>bene</em></span> <span class='ocrx_word' id='word_1_56' title='bbox 822 1266 893 1330; x_wconf 71' lang='lat' dir='ltr'><em>vim</em></span> <span class='ocrx_word' id='word_1_57' title='bbox 917 1270 1030 1351; x_wconf 79' lang='lat' dir='ltr'><em>negato</em></span> <span class='ocrx_word' id='word_1_58' title='bbox 1044 1295 1055 1332; x_wconf 90' lang='lat'><em>:</em></span> 
     </span>
     <span class='ocr_line' id='line_1_9' title="bbox 257 1372 908 1441; baseline -0.003 -1"><span class='ocrx_word' id='word_1_59' title='bbox 257 1374 432 1441; x_wconf 80' lang='lat' dir='ltr'><em>Concedent</em></span> <span class='ocrx_word' id='word_1_60' title='bbox 445 1372 552 1437; x_wconf 83' lang='lat' dir='ltr'><em>uerbo&#39;s</em></span> <span class='ocrx_word' id='word_1_61' title='bbox 565 1373 691 1435; x_wconf 72' lang='lat' dir='ltr'><em>lumina</em></span> <span class='ocrx_word' id='word_1_62' title='bbox 705 1381 814 1436; x_wconf 85' lang='lat' dir='ltr'><em>nostra</em></span> <span class='ocrx_word' id='word_1_63' title='bbox 828 1373 908 1438; x_wconf 79' lang='lat' dir='ltr'><em>tuis.</em></span> 
     </span>
     <span class='ocr_line' id='line_1_10' title="bbox 216 1480 1039 1566; baseline -0.002 -18"><span class='ocrx_word' id='word_1_64' title='bbox 216 1484 327 1548; x_wconf 84' lang='lat' dir='ltr'><em>Prona</em></span> <span class='ocrx_word' id='word_1_65' title='bbox 340 1480 404 1544; x_wconf 83' lang='lat' dir='ltr'><em>tibi</em></span> <span class='ocrx_word' id='word_1_66' title='bbox 414 1481 689 1566; x_wconf 75' lang='lat' dir='ltr'><em>oonaicupientem</em></span> <span class='ocrx_word' id='word_1_67' title='bbox 703 1480 832 1544; x_wconf 82' lang='lat' dir='ltr'><em>uincere</em></span> <span class='ocrx_word' id='word_1_68' title='bbox 843 1480 950 1564; x_wconf 76' lang='lat' dir='ltr'><em>patina</em></span> <span class='ocrx_word' id='word_1_69' title='bbox 964 1486 1013 1544; x_wconf 78' lang='lat' dir='ltr'><em>est</em></span> <span class='ocrx_word' id='word_1_70' title='bbox 1029 1503 1039 1546; x_wconf 89' lang='lat'><em>.·</em></span> 
     </span>
     <span class='ocr_line' id='line_1_11' title="bbox 254 1586 1037 1672; baseline -0.004 -18"><span class='ocrx_word' id='word_1_71' title='bbox 254 1588 311 1654; x_wconf 87' lang='lat' dir='ltr'><em>Sit</em></span> <span class='ocrx_word' id='word_1_72' title='bbox 324 1588 410 1652; x_wconf 89' lang='lat' dir='ltr'><em>modo</em></span> <span class='ocrx_word' id='word_1_73' title='bbox 423 1609 442 1652; x_wconf 88' lang='lat'>«</span> <span class='ocrx_word' id='word_1_74' title='bbox 457 1603 517 1652; x_wconf 84' lang='lat' dir='ltr'><em>nou</em></span> <span class='ocrx_word' id='word_1_75' title='bbox 519 1587 597 1670; x_wconf 84' lang='lat' dir='ltr'><em>feci</em></span> <span class='ocrx_word' id='word_1_76' title='bbox 608 1607 626 1650; x_wconf 76' lang='lat' dir='ltr'><em>o</em></span> <span class='ocrx_word' id='word_1_77' title='bbox 639 1586 747 1650; x_wconf 77' lang='lat' dir='ltr'><em>atcere</em></span> <span class='ocrx_word' id='word_1_78' title='bbox 762 1587 878 1672; x_wconf 74' lang='lat' dir='ltr'><em>lingua</em></span> <span class='ocrx_word' id='word_1_79' title='bbox 893 1607 1011 1651; x_wconf 83' lang='lat' dir='ltr'><em>memor</em></span> <span class='ocrx_word' id='word_1_80' title='bbox 1023 1613 1037 1662; x_wconf 87' lang='lat'><em>,·</em></span> 
     </span>
     <span class='ocr_line' id='line_1_12' title="bbox 216 1690 983 1779; baseline -0.003 -19"><span class='ocrx_word' id='word_1_81' title='bbox 216 1697 299 1761; x_wconf 86' lang='lat' dir='ltr'><em>Cum</em></span> <span class='ocrx_word' id='word_1_82' title='bbox 312 1695 376 1760; x_wconf 80' lang='lat' dir='ltr'><em>tibi</em></span> <span class='ocrx_word' id='word_1_83' title='bbox 386 1695 552 1779; x_wconf 75' lang='lat' dir='ltr'><em>contingat</em></span> <span class='ocrx_word' id='word_1_84' title='bbox 565 1690 673 1758; x_wconf 77' lang='lat' dir='ltr'><em>uerbis</em></span> <span class='ocrx_word' id='word_1_85' title='bbox 686 1705 842 1779; x_wconf 83' lang='lat' dir='ltr'><em>superare</em></span> <span class='ocrx_word' id='word_1_86' title='bbox 855 1695 983 1771; x_wconf 85' lang='lat' dir='ltr'><em>duobus,</em></span> 
     </span>
     <span class='ocr_line' id='line_1_13' title="bbox 125 1795 845 1894; baseline -0.003 -26"><span class='ocrx_word' id='word_1_87' title='bbox 125 1827 164 1894; x_wconf 79' lang='lat'><em>50</em></span> <span class='ocrx_word' id='word_1_88' title='bbox 188 1825 190 1828; x_wconf 63' lang='grc'>’</span> <span class='ocrx_word' id='word_1_89' title='bbox 255 1803 338 1868; x_wconf 87' lang='lat' dir='ltr'><em>Etsi</em></span> <span class='ocrx_word' id='word_1_90' title='bbox 346 1817 405 1868; x_wconf 85' lang='lat' dir='ltr'><em>non</em></span> <span class='ocrx_word' id='word_1_91' title='bbox 419 1795 521 1878; x_wconf 83' lang='lat' dir='ltr'><em>causa,</em></span> <span class='ocrx_word' id='word_1_92' title='bbox 532 1801 646 1888; x_wconf 80' lang='lat' dir='ltr'><em>judice</em></span> <span class='ocrx_word' id='word_1_93' title='bbox 659 1801 750 1867; x_wconf 73' lang='lat' dir='ltr'><em>oenoe</em></span> <span class='ocrx_word' id='word_1_94' title='bbox 763 1807 816 1866; x_wconf 87' lang='lat' dir='ltr'><em>tuo</em></span> <span class='ocrx_word' id='word_1_95' title='bbox 831 1807 845 1866; x_wconf 85' lang='lat' dir='ltr'><em>t</em></span> 
     </span>
    </p>
   </div>
   <div class='ocr_carea' id='block_1_3' title="bbox 134 2764 1190 3798">
    <p class='ocr_par' dir='ltr' id='par_1_3' title="bbox 134 2764 1190 3798">
     <span class='ocr_line' id='line_1_14' title="bbox 320 2764 1190 2840; baseline -0.003 -11"><span class='ocrx_word' id='word_1_96' title='bbox 320 2778 423 2830; x_wconf 77' lang='lat' dir='ltr'><strong>UAERE</strong></span> <span class='ocrx_word' id='word_1_97' title='bbox 438 2784 551 2828; x_wconf 85' lang='lat' dir='ltr'><em>novum</em></span> <span class='ocrx_word' id='word_1_98' title='bbox 567 2770 680 2840; x_wconf 81' lang='lat' dir='ltr'><em>uatem,</em></span> <span class='ocrx_word' id='word_1_99' title='bbox 697 2771 879 2829; x_wconf 81' lang='lat' dir='ltr'><em>tenerorum</em></span> <span class='ocrx_word' id='word_1_100' title='bbox 894 2769 996 2828; x_wconf 83' lang='lat' dir='ltr'><em>mater</em></span> <span class='ocrx_word' id='word_1_101' title='bbox 1010 2764 1165 2828; x_wconf 76' lang='lat' dir='ltr'><em>Amorum</em></span> <span class='ocrx_word' id='word_1_102' title='bbox 1181 2788 1190 2826; x_wconf 90' lang='lat'>:</span> 
     </span>
     <span class='ocr_line' id='line_1_15' title="bbox 185 2774 997 3038; baseline -0.002 -100"><span class='ocrx_word' id='word_1_103' title='bbox 185 2774 316 3038; x_wconf 45' lang='lat' dir='ltr'><em>Q</em></span> <span class='ocrx_word' id='word_1_104' title='bbox 338 2873 485 2938; x_wconf 81' lang='lat' dir='ltr'><em>Raditur</em></span> <span class='ocrx_word' id='word_1_105' title='bbox 498 2872 551 2934; x_wconf 82' lang='lat' dir='ltr'><em>ho&#39;c</em></span> <span class='ocrx_word' id='word_1_106' title='bbox 564 2871 669 2955; x_wconf 72' lang='lat' dir='ltr'><em>elegis</em></span> <span class='ocrx_word' id='word_1_107' title='bbox 684 2871 799 2934; x_wconf 80' lang='lat' dir='ltr'><em>ultz‘ona</em></span> <span class='ocrx_word' id='word_1_108' title='bbox 813 2866 896 2934; x_wconf 76' lang='lat' dir='ltr'><em>iaetu</em></span> <span class='ocrx_word' id='word_1_109' title='bbox 908 2872 997 2937; x_wconf 82' lang='lat' dir='ltr'><em>meo&#39;s.</em></span> 
     </span>
     <span class='ocr_line' id='line_1_16' title="bbox 318 2977 1100 3063; baseline -0.003 -21"><span class='ocrx_word' id='word_1_110' title='bbox 318 2981 407 3060; x_wconf 79' lang='lat' dir='ltr'><em>&#39;Quos</em></span> <span class='ocrx_word' id='word_1_111' title='bbox 419 2990 478 3063; x_wconf 68' lang='lat' dir='ltr'><em>ego</em></span> <span class='ocrx_word' id='word_1_112' title='bbox 491 2977 658 3062; x_wconf 80' lang='lat' dir='ltr'><em>composui,</em></span> <span class='ocrx_word' id='word_1_113' title='bbox 674 2979 828 3062; x_wconf 72' lang='lat' dir='ltr'><em>Paeligni</em></span> <span class='ocrx_word' id='word_1_114' title='bbox 840 2979 934 3041; x_wconf 84' lang='lat' dir='ltr'><em>ruro&#39;s</em></span> <span class='ocrx_word' id='word_1_115' title='bbox 949 2979 1100 3042; x_wconf 81' lang='lat' dir='ltr'><em>alumnus</em></span> 
     </span>
     <span class='ocr_line' id='line_1_17' title="bbox 260 3075 846 3169; baseline -0.005 -18"><span class='ocrx_word' id='word_1_116' title='bbox 260 3089 343 3169; x_wconf 89' lang='lat' dir='ltr'><em>(Nec</em></span> <span class='ocrx_word' id='word_1_117' title='bbox 356 3103 405 3150; x_wconf 88' lang='lat' dir='ltr'><em>me</em></span> <span class='ocrx_word' id='word_1_118' title='bbox 418 3085 546 3149; x_wconf 74' lang='lat' dir='ltr'><em>deli&#39;ciae</em></span> <span class='ocrx_word' id='word_1_119' title='bbox 558 3084 731 3148; x_wconf 87' lang='lat' dir='ltr'><em>dedecuere</em></span> <span class='ocrx_word' id='word_1_120' title='bbox 744 3075 846 3166; x_wconf 72' lang='lat' dir='ltr'><em>meu),</em></span> 
     </span>
     <span class='ocr_line' id='line_1_18' title="bbox 148 3191 1116 3283; baseline -0.003 -25"><span class='ocrx_word' id='word_1_121' title='bbox 148 3220 166 3283; x_wconf 85' lang='lat'>5</span> <span class='ocrx_word' id='word_1_122' title='bbox 218 3194 343 3277; x_wconf 80' lang='lat' dir='ltr'><em>Siquid</em></span> <span class='ocrx_word' id='word_1_123' title='bbox 355 3192 393 3255; x_wconf 86' lang='lat' dir='ltr'><em>id</em></span> <span class='ocrx_word' id='word_1_124' title='bbox 404 3197 457 3265; x_wconf 85' lang='lat' dir='ltr'><em>est,</em></span> <span class='ocrx_word' id='word_1_125' title='bbox 478 3200 576 3274; x_wconf 85' lang='lat' dir='ltr'><em>usque</em></span> <span class='ocrx_word' id='word_1_126' title='bbox 588 3211 608 3255; x_wconf 96' lang='lat' dir='ltr'><em>a</em></span> <span class='ocrx_word' id='word_1_127' title='bbox 617 3192 752 3276; x_wconf 78' lang='lat' dir='ltr'><em>proauis</em></span> <span class='ocrx_word' id='word_1_128' title='bbox 764 3197 855 3255; x_wconf 86' lang='lat' dir='ltr'><em>uetus</em></span> <span class='ocrx_word' id='word_1_129' title='bbox 874 3191 1002 3256; x_wconf 79' lang='lat' dir='ltr'><em>ardonis</em></span> <span class='ocrx_word' id='word_1_130' title='bbox 1016 3192 1116 3265; x_wconf 77' lang='lat' dir='ltr'><em>heres,</em></span> 
     </span>
     <span class='ocr_line' id='line_1_19' title="bbox 259 3297 952 3383; baseline -0.004 -19"><span class='ocrx_word' id='word_1_131' title='bbox 259 3302 334 3364; x_wconf 92' lang='lat' dir='ltr'><em>Non</em></span> <span class='ocrx_word' id='word_1_132' title='bbox 348 3300 435 3362; x_wconf 91' lang='lat' dir='ltr'><em>modo</em></span> <span class='ocrx_word' id='word_1_133' title='bbox 448 3297 579 3361; x_wconf 77' lang='lat' dir='ltr'><em>militiae</em></span> <span class='ocrx_word' id='word_1_134' title='bbox 592 3297 839 3380; x_wconf 83' lang='lat' dir='ltr'><em>turbiuefaatus</em></span> <span class='ocrx_word' id='word_1_135' title='bbox 851 3319 952 3383; x_wconf 86' lang='lat' dir='ltr'><em>eques.</em></span> 
     </span>
     <span class='ocr_line' id='line_1_20' title="bbox 221 3404 989 3490; baseline 0 -19"><span class='ocrx_word' id='word_1_136' title='bbox 221 3408 357 3471; x_wconf 85' lang='lat' dir='ltr'><em>Mantua</em></span> <span class='ocrx_word' id='word_1_137' title='bbox 379 3406 526 3489; x_wconf 80' lang='lat' dir='ltr'><em>Vergilio</em></span> <span class='ocrx_word' id='word_1_138' title='bbox 536 3406 669 3490; x_wconf 77' lang='lat' dir='ltr'><em>gaudet,</em></span> <span class='ocrx_word' id='word_1_139' title='bbox 696 3404 817 3470; x_wconf 85' lang='lat' dir='ltr'><em>Verona</em></span> <span class='ocrx_word' id='word_1_140' title='bbox 834 3407 989 3483; x_wconf 83' lang='lat' dir='ltr'><em>cotutto;</em></span> 
     </span>
     <span class='ocr_line' id='line_1_21' title="bbox 260 3512 856 3598; baseline -0.002 -19"><span class='ocrx_word' id='word_1_141' title='bbox 260 3514 425 3598; x_wconf 58' lang='lat' dir='ltr'><em>Pelagone</em></span> <span class='ocrx_word' id='word_1_142' title='bbox 437 3512 532 3577; x_wconf 65' lang='grc' dir='ltr'><em>ὀίων</em></span> <span class='ocrx_word' id='word_1_143' title='bbox 540 3513 655 3597; x_wconf 67' lang='lat' dir='ltr'><em>gloria</em></span> <span class='ocrx_word' id='word_1_144' title='bbox 663 3513 778 3597; x_wconf 77' lang='lat' dir='ltr'><em>gentis</em></span> <span class='ocrx_word' id='word_1_145' title='bbox 790 3532 856 3596; x_wconf 78' lang='lat' dir='ltr'><em>ego,</em></span> 
     </span>
     <span class='ocr_line' id='line_1_22' title="bbox 224 3619 1021 3704; baseline 0 -19"><span class='ocrx_word' id='word_1_146' title='bbox 224 3624 326 3704; x_wconf 85' lang='lat' dir='ltr'><em>Quam</em></span> <span class='ocrx_word' id='word_1_147' title='bbox 341 3641 398 3684; x_wconf 90' lang='lat' dir='ltr'><em>sua</em></span> <span class='ocrx_word' id='word_1_148' title='bbox 414 3619 547 3684; x_wconf 82' lang='lat' dir='ltr'><em>la&#39;bertas</em></span> <span class='ocrx_word' id='word_1_149' title='bbox 561 3620 605 3684; x_wconf 92' lang='lat' dir='ltr'><em>ad</em></span> <span class='ocrx_word' id='word_1_150' title='bbox 616 3619 743 3684; x_wconf 77' lang='lat' dir='ltr'><em>honesta</em></span> <span class='ocrx_word' id='word_1_151' title='bbox 758 3626 905 3704; x_wconf 81' lang='lat' dir='ltr'><em>coegerat</em></span> <span class='ocrx_word' id='word_1_152' title='bbox 918 3640 1021 3694; x_wconf 83' lang='lat' dir='ltr'><em>arona,</em></span> 
     </span>
     <span class='ocr_line' id='line_1_23' title="bbox 134 3726 946 3798; baseline -0.006 -2"><span class='ocrx_word' id='word_1_153' title='bbox 134 3751 169 3798; x_wconf 89' lang='grc' dir='ltr'><em>ιο</em></span> <span class='ocrx_word' id='word_1_154' title='bbox 262 3729 343 3793; x_wconf 86' lang='lat' dir='ltr'><em>Cum</em></span> <span class='ocrx_word' id='word_1_155' title='bbox 357 3727 467 3792; x_wconf 88' lang='lat' dir='ltr'><em>timuit</em></span> <span class='ocrx_word' id='word_1_156' title='bbox 479 3726 581 3794; x_wconf 84' lang='lat' dir='ltr'><em>socias</em></span> <span class='ocrx_word' id='word_1_157' title='bbox 594 3727 693 3793; x_wconf 80' lang='lat' dir='ltr'><em>anuo&#39;a</em></span> <span class='ocrx_word' id='word_1_158' title='bbox 707 3729 808 3795; x_wconf 87' lang='lat' dir='ltr'><em>Roma</em></span> <span class='ocrx_word' id='word_1_159' title='bbox 822 3747 946 3792; x_wconf 88' lang='lat' dir='ltr'><em>manus.</em></span> 
     </span>
    </p>
   </div>
   <div class='ocr_carea' id='block_1_4' title="bbox 0 0 1328 4470">
    <p class='ocr_par' dir='ltr' id='par_1_4' title="bbox 0 0 1328 4470">
     <span class='ocr_line' id='line_1_24' title="bbox 0 0 1328 4470; baseline 0 0"><span class='ocrx_word' id='word_1_160' title='bbox 0 0 1328 4470; x_wconf 95' lang='lat' dir='ltr'><em> </em></span> 
     </span>
    </p>
   </div>
  </div>
 </body>
</html>
