2648 4470
220 327 276 390 128
593 337 694 388 unes
713 337 900 390 secunnus

256 593 345 672 Quos
359 591 443 654 milii
454 592 638 668 blanditias,
656 615 749 677 quam
764 595 872 658 dulcia
888 594 983 658 uerba
992 592 1156 678 parabat!

297 699 423 771 Oscula,
442 699 481 762 di
492 701 612 784 magni,
630 702 740 784 qualia
754 708 888 785 quotque
901 702 1019 765 dabat!

257 807 303 869 Tu
318 826 445 889 quoque,
463 828 533 890 quce
548 815 671 871 nostros
685 809 831 892 rapuisti
842 819 943 893 nuper
955 808 1079 882 ocellos,

161 931 199 977 20
292 913 384 998 Saepe
397 915 473 977 time
488 914 635 988 insidias,
653 925 734 1000 saepe
748 923 864 1000 rogata
878 937 969 999 nega,

253 1019 300 1083 Et
312 1022 384 1084 sine
397 1042 453 1095 me,
472 1028 547 1085 onte
560 1029 631 1085 tuos
641 1021 822 1106 projectum
837 1023 872 1085 in
886 1023 1001 1086 lamine
1010 1027 1123 1110 postes,

292 1130 404 1212 Longa
413 1130 568 1213 pruinosa
572 1130 713 1214 frigora
728 1138 814 1194 nocte
821 1131 906 1214 poti.
972 1208 977 1218 ι

252 1234 280 1298 S
281 1235 311 1297 ic
324 1234 409 1297 milu'
418 1235 519 1299 durat
531 1256 628 1312 amor,
648 1238 816 1321 longosque
828 1236 981 1300 adolescit
995 1236 1030 1299 in
1047 1255 1147 1300 annos
1161 1255 1172 1300 .·

281 1338 361 1407 'Hoc
366 1342 476 1426 juvat,
494 1343 561 1408 hec
573 1344 680 1407 animi
689 1349 765 1407 sunt
778 1343 813 1407 al
815 1344 930 1408 emente
944 1345 1018 1409 mei.

183 2328 193 2371 1
353 2320 363 2370 1
378 2307 441 2371 tibi
451 2329 510 2370 non
524 2319 599 2392 opus
614 2313 661 2370 est
673 2313 814 2380 seruato,
831 2306 939 2380 stulte,
955 2304 1078 2389 puella,

213 2314 348 2586 Q}
374 2416 419 2478 At
432 2414 581 2496 milcifczc
594 2435 711 2488 serves,
729 2434 790 2496 quo
804 2412 912 2496 magis
928 2412 994 2496 ipse
1011 2411 1120 2477 uelim.

342 2521 446 2603 ¹Quoo'
453 2521 529 2584 licet
537 2522 704 2604 ingratum
713 2528 780 2596 est,·
790 2519 875 2603 quod
882 2539 942 2581 non
952 2520 1027 2582 lieet
1037 2517 1151 2582 acrius
1159 2519 1229 2582 urit

149 2675 161 2696 .
176 2643 196 2704 4
288 2628 434 2691 Ferreus
447 2635 504 2705 est,
520 2629 640 2710 siquis
654 2627 832 2710 quodsim't
844 2627 930 2690 alter
947 2630 1046 2691 amat.
1093 2709 1100 2721 Ι

157 2750 195 2814 25
249 2737 396 2820 Pinguis
409 2754 498 2799 amor
512 2736 708 2818 nimiumque
716 2740 830 2818 patens
846 2735 880 2797 in
895 2733 993 2798 tedia
1008 2733 1098 2796 nobis

296 2843 451 2916 Vertitur,
470 2849 508 2916 et,
526 2841 682 2906 stomacho
697 2842 801 2905 dulcis
814 2849 851 2904 ut
864 2862 941 2914 esca,
962 2845 1057 2905 uocet.

248 2951 276 3012 S
277 2951 293 3013 i
305 2971 473 3033 numquam
489 2950 622 3013 Danaen
637 2949 797 3012 habuisset
809 2949 926 3012 olzenea
940 2947 1060 3022 turris,

288 3058 361 3122 Non
375 3064 456 3120 esset
470 3057 582 3120 Danae
596 3057 635 3120 de
649 3057 734 3136 Jove
738 3057 834 3138 facta
846 3066 966 3141 parens
978 3080 990 3130 ,·

249 3165 336 3227 Dum
347 3171 457 3227 servat
470 3164 561 3243 Juno
576 3171 728 3226 mutatam
743 3162 891 3226 cornibus
904 3163 969 3235 Ion,

159 3289 196 3352 30
287 3273 320 3336 F
319 3278 389 3335 acta
403 3234 457 3342 ¹est,
476 3271 702 3354 qnomfuerot,
712 3272 846 3354 gratior
860 3271 919 3334 illo
934 3269 1027 3348 Joui.

251 3378 343 3458 Quod
355 3377 370 3439 l
372 3379 431 3441 icet
444 3384 475 3441 et
477 3379 586 3459 facile
599 3385 645 3440 est
658 3378 803 3461 quisquis
817 3378 911 3460 cupit,
929 3376 1045 3440 arbore
1050 3374 1192 3459 frondes

158 3500 196 3564 32
290 3485 422 3568 Carpat,
440 3492 473 3547 et
485 3505 502 3546 e
516 3506 631 3568 magno
639 3484 777 3567 flumine
784 3489 873 3567 potet
886 3492 1024 3566 aquom!

159 3609 195 3672 37
250 3592 296 3654 At
308 3598 355 3668 tu,
363 3592 516 3675 formosae
529 3592 664 3655 nimium
677 3612 786 3654 secure
794 3592 924 3675 puelle,

290 3699 397 3782 Incipe
402 3699 475 3782 pam
484 3699 596 3782 promo
610 3699 758 3763 claudere
772 3698 970 3781 nocteforem
980 3722 994 3772 ,·
