2648 4470
179 336 236 398 116
553 345 852 400 unsnsscusous

214 606 270 667 Me
279 624 371 688 gere,
389 625 459 666 cum
472 605 591 667 calidis
599 604 813 688 perfunderis
828 604 985 668 imbribus
996 611 1100 679 artus,

253 712 444 793 Damnaque
457 712 515 775 sub
525 732 654 795 gemma
662 712 779 796 perfer
791 712 900 774 euntis
912 733 1024 795 oque,-

122 833 159 895 25
211 818 285 888 Sed,
298 825 385 902 puto,
404 825 434 880 te
448 817 535 881 nuda
548 839 616 880 mea
631 819 770 882 membra
786 819 922 882 libidine
935 824 1082 903 surgent,

252 925 300 987 Et
308 935 469 1008 peragam
480 931 590 1009 partes
602 927 722 989 anulus
737 926 797 988 ille
810 925 891 989 oiri.

213 1031 319 1094 Irrita
333 1031 417 1113 quid
428 1051 520 1095 oooeo
530 1035 550 1096 l
556 1042 697 1115 parvum
705 1031 912 1116 proficescere
926 1053 1042 1096 munus
1056 1053 1067 1096 :

252 1137 316 1202 Illa
330 1138 438 1201 datam
453 1146 552 1202 tecum
566 1139 687 1202 sentiat
699 1138 874 1223 essefidem
884 1147 897 1203 t

318 2112 384 2164 ARs
398 2122 446 2162 me
459 2100 572 2162 Sulmo
585 2105 668 2162 tenet
681 2100 837 2184 Paeligni
847 2099 946 2163 tertia
963 2100 1066 2186 ruris,

180 2109 314 2380 Q
336 2206 459 2280 Parva,
478 2205 536 2268 sed
548 2205 695 2289 irriguis
707 2226 764 2269 ora
776 2205 922 2269 salubris
939 2207 1034 2290 aquis
1043 2229 1056 2283 ;

316 2311 375 2375 Sol
386 2313 463 2375 licet
477 2312 596 2375 admoto
609 2314 759 2376 tellurem
772 2312 881 2376 sidere
886 2311 1007 2398 findat,

251 2416 299 2479 Et
312 2419 405 2480 micet
418 2419 523 2481 Icarii
533 2421 628 2482 stella
636 2427 791 2503 proterva
805 2420 903 2495 canis,

139 2540 156 2602 5
210 2523 303 2587 Arva
310 2531 530 2607 pererrantur
544 2527 697 2609 Paeligna
711 2527 907 2607 liquentibus
918 2525 1023 2599 undis,
1050 2598 1054 2603 ¹

250 2630 299 2694 Et
312 2632 398 2693 viret
413 2632 447 2692 in
461 2638 569 2694 tenero
572 2633 679 2715 fertil
681 2633 709 2696 is
722 2633 820 2694 herba
834 2635 907 2696 solo.

215 2736 317 2801 Terra
321 2737 428 2820 ferax
444 2739 577 2802 Cereris
590 2739 904 2822 multoqueferaczor
917 2739 992 2803 nnis
1000 2765 1012 2813 ,-

249 2843 319 2906 Dat
331 2865 451 2928 quoque
464 2844 636 2927 baciferam
650 2846 792 2909 Pallada
807 2866 907 2908 rarus
918 2866 1002 2930 ager
1009 2871 1024 2922 ,-

211 2952 340 3034 Perque
353 2960 561 3036 resurgentes
577 2953 663 3014 riuis
677 2953 852 3015 labentibus
865 2952 991 3027 herbas,

121 3073 158 3121 ιο
251 3059 445 3122 Gramineus
460 3059 619 3121 madidam
634 3068 757 3142 caespes
769 3059 931 3123 obumbrat
944 3058 1085 3123 humum.

210 3167 258 3230 At
271 3186 358 3228 meus
373 3166 464 3248 ignis
477 3166 563 3228 abest
577 3187 587 3229 :
603 3164 696 3227 verbo
704 3166 904 3249 peccavimus
917 3173 1001 3229 uno!

252 3273 332 3352 Quae
346 3279 446 3335 movet
458 3272 591 3336 ardores
603 3277 650 3334 est
657 3274 773 3355 procul
782 3299 792 3344 ,·
807 3273 908 3336 ardor
920 3273 1021 3338 adest.

210 3379 283 3442 Non
297 3399 363 3462 ego,
382 3380 417 3441 si
427 3380 552 3443 medius
566 3381 697 3443 Polluce
709 3386 741 3443 et
758 3382 889 3445 Castore
899 3391 1010 3464 ponar,
1092 3455 1099 3464 ι

253 3485 288 3548 ln
302 3487 377 3549 culi
387 3487 457 3549 sine
470 3492 500 3550 te
508 3487 721 3570 partefm'sse
735 3489 841 3552 velim.

124 3605 158 3670 15
211 3592 360 3655 Solliciti
362 3591 494 3676 jaceant
508 3599 659 3676 terraque
668 3603 862 3679 premantur
877 3596 998 3678 iniqua,

248 3696 741 3785 Inlongasorbemquisecuere
755 3701 848 3776 acam
1017 3708 1020 3713 ’
