2648 4470
206 315 263 380 118
583 320 887 379 mammons
1191 317 1268 401 [tw

244 586 272 650 A
277 590 312 647 ut
318 583 481 668 juvenum
495 585 622 648 comites
630 583 805 668 jussissent
820 582 871 646 ire
879 583 1017 668 puellas,

282 691 310 756 S
311 691 326 753 i
325 691 403 774 fuit
417 691 451 753 in
467 692 579 775 longas
592 697 684 754 terra
697 690 832 755 secanda
847 691 941 755 ozas!

249 798 279 860 Τ
274 820 327 861 um
341 797 431 870 ma'bi,
449 799 484 861 si
488 808 667 882 premerem
682 805 826 861 ventosas
838 796 994 860 borrr'otus
1006 799 1114 882 Alpes,

153 921 192 966 20
283 904 460 967 Dummodo
472 925 542 967 cum
556 905 695 982 domina,
712 905 805 968 molle
808 904 932 987 fuisset
947 905 1034 980 iter;

244 1013 272 1076 C
274 1034 326 1075 unz
340 1012 467 1076 domina
481 1010 616 1095 Libycas
630 1011 735 1074 ausim
746 1021 958 1096 perrumpere
970 1014 999 1074 S
992 1018 1098 1095 portes,

283 1120 331 1182 Et
344 1119 423 1183 dare
437 1140 496 1182 nou
509 1119 613 1200 equis
627 1118 846 1201 aeluserenda
859 1118 958 1182 Notis
967 1141 979 1188 ,·

152 1239 190 1303 25
243 1228 319 1291 Non
332 1247 411 1309 quoe,
427 1223 601 1287 submersis
615 1223 742 1286 ratibus
755 1228 911 1296 saturata,
934 1223 1119 1308 Charybdis

283 1333 413 1398 Fundit
425 1340 457 1395 et
470 1333 588 1416 effusas
601 1352 655 1394 ore
669 1336 806 1413 receptat
819 1352 928 1414 aquas,

153 1455 191 1521 23
243 1442 317 1504 Non
332 1460 403 1522 quae
417 1439 568 1522 virgineo
576 1443 723 1522 portenta
736 1436 793 1499 sub
809 1437 946 1521 inguine
959 1439 1095 1512 latrant,

283 1549 352 1611 Nec
365 1547 493 1609 timeam
507 1551 637 1622 vestros,
655 1566 754 1607 curva
769 1545 886 1616 Malea,
905 1545 998 1608 sanus
1007 1570 1021 1619 ,·

152 1671 190 1735 27
244 1653 338 1737 Quod
348 1653 384 1716 si
394 1653 543 1736 Neptuni
554 1659 679 1715 ventosa
689 1652 832 1735 potentia
848 1651 958 1725 vincit,

283 1762 330 1826 Et
343 1759 550 1823 subventuros
563 1758 689 1838 auferet
703 1757 789 1822 unda
803 1757 884 1830 deos,

248 1869 296 1933 Tu
309 1866 430 1930 uostris
443 1866 550 1929 niueos
563 1865 707 1928 bumeris
722 1865 841 1949 impone
856 1864 994 1928 lacertos
1008 1893 1020 1930 .-

152 1993 191 2056 30
284 1975 423 2060 Corpore
436 1994 492 2037 nos
495 1973 604 2056 faao'li
615 1972 707 2035 dulce
707 1973 858 2055 feremus
871 1993 970 2053 onus,-

242 2082 335 2166 Seepe
345 2089 455 2165 petens
467 2081 579 2143 Heron
587 2079 726 2161 juvenes
738 2085 928 2143 tranaverat
942 2080 1068 2144 undas:

288 2189 367 2252 Tum
380 2206 499 2273 quoque
512 2192 680 2260 tranasset,
697 2186 757 2249 sed
767 2186 823 2250 aaa
834 2187 1008 2268 cucusuit.

244 2295 291 2359 At
303 2294 374 2358 sine
386 2300 423 2367 te,
442 2294 588 2376 quamuis
601 2294 726 2377 operosi
736 2292 857 2356 uo‘tzbus
869 2293 965 2378 agria

286 2401 340 2465 Me
353 2405 487 2473 teneant,
505 2401 654 2482 quamuis
667 2400 814 2463 amnibus
826 2421 909 2464 arua
923 2406 1041 2474 natent,

99 2534 103 2543 ·
155 2521 192 2591 35
245 2510 292 2574 Et
304 2513 388 2571 vocet
402 2508 437 2570 in
452 2507 541 2571 rivos
552 2513 735 2572 currentem
749 2508 892 2572 rusticus
906 2508 1036 2582 undam,

285 2614 492 2699 Frigidaque
505 2614 654 2678 arboreas
667 2616 803 2679 mulceat
814 2615 900 2679 aura
912 2630 1022 2690 camos,

247 2723 321 2788 Nou
335 2743 393 2807 ego
406 2721 576 2806 Pulignos
588 2721 699 2786 aanor
711 2720 872 2787 celebrare
885 2722 1039 2796 salubres,

286 2831 361 2895 Non
375 2849 433 2914 ego
446 2831 593 2906 natalem,
612 2849 695 2893 rura
704 2836 854 2912 paterna,
870 2830 982 2904 locum,

249 2939 318 3004 Sed
328 2937 505 3022 Scythiam,
524 2937 552 3000 C
554 2936 707 3021 abnuesque
709 2937 813 3019 feros,
832 2937 1018 3020 virtutesque
1030 2937 1223 3014 Britanna,

158 3064 198 3124 40
291 3047 430 3128 Quaque
443 3040 629 3107 Prometheo
641 3062 724 3107 saxa
737 3063 851 3107 cruore
865 3044 989 3112 rubent.

256 3153 370 3215 Ulmus
382 3156 469 3214 amat
482 3150 591 3227 antem,
605 3150 686 3213 oitis
698 3133 760 3214 'non
774 3149 894 3214 deserit
907 3150 1049 3216 ulmum:

292 3259 434 3342 Separor
446 3279 466 3320 a
480 3257 607 3320 domina
620 3277 681 3320 cur
693 3278 752 3342 ego
764 3268 846 3343 saepe
859 3252 958 3322 meo?

253 3367 300 3429 At
313 3366 400 3429 mibi
410 3370 440 3428 te
452 3364 594 3443 cometem
600 3364 743 3449 juraras
757 3365 1013 3448 usquefuturam

293 3475 364 3536 Per
377 3494 425 3534 me
433 3481 554 3556 perque
567 3474 678 3550 ocutos,
690 3473 802 3536 saniora
817 3481 936 3545 nostra,
954 3478 1023 3537 tuos
1038 3493 1049 3536 .·

163 3592 202 3658 45
263 3580 361 3644 Verba
372 3580 565 3663 puellarum,
573 3579 676 3662 fhliis
689 3579 811 3644 leuiora
826 3581 964 3656 caducis,

296 3687 414 3760 Irrita,
430 3706 494 3768 qua
507 3687 612 3750 ursum
626 3692 680 3765 est1
695 3694 809 3750 ventus
821 3694 852 3751 et
863 3688 1088 3770 uudafirunt.
