2648 4470
172 271 207 319 ¹0
573 267 673 318 usses
688 267 819 319 essuos
1171 252 1272 342 [111.
1304 234 1311 257 ““

167 376 1271 418 ——-··—-——---—-—·d

112 533 152 601 45
205 523 279 587 Nou
288 526 428 605 possunt,
448 522 523 585 licet
538 524 603 606 epse
617 523 708 597 uelis,
727 544 848 587 cessare
861 524 991 607 sagitte·
1006 551 1016 588 :

244 628 392 692 Fervida
407 629 654 712 uz'ciuojtamma
669 641 784 714 vapore
799 637 894 696 nocet.

212 737 241 798 T
235 736 300 798 atis
312 743 385 798 erat
398 737 516 798 domita
531 738 676 800 Bacchus
693 738 872 820 Gangetide
886 744 978 800 terra
994 762 1003 801 :

251 843 297 904 Tu
307 843 428 926 grauis
443 842 586 916 alitibus,
604 843 749 927 tigribus
764 844 909 925 illesuit.

207 948 241 1013 E
241 970 302 1034 rgo
315 969 373 1034 ego
386 971 455 1012 cum
464 950 582 1033 possim
596 952 688 1013 sacri
693 961 776 1035 pars
789 971 856 1012 esse
870 952 1038 1067 triumphi,

115 1066 155 1132 50
246 1058 352 1119 Parce
365 1063 437 1119 tuas
454 1058 487 1119 in
503 1079 550 1119 me
559 1058 706 1142 perdere,
726 1057 834 1131 uictor,
853 1067 946 1142 opes!

205 1163 343 1249 Adspice
356 1166 487 1249 cognati
487 1165 607 1246 felicia
622 1164 649 1226 C
650 1164 765 1227 esaris
777 1187 869 1228 armo
887 1189 897 1227 :

244 1272 318 1354 Qua
333 1272 421 1347 uicit,
440 1272 538 1336 uictos
545 1273 691 1355 protegit
705 1273 763 1336 itte
776 1293 883 1337 mauu.
940 1333 942 1336 Α

306 2247 396 2298 USTA
407 2243 521 2316 precor
535 2260 544 2297 :
560 2256 630 2318 quee
643 2255 691 2297 me
705 2244 808 2318 nuper
815 2235 965 2318 predata
975 2236 1086 2319 puella
1100 2242 1156 2312 est,

165 2237 302 2522 Q
324 2341 391 2402 Aut
405 2346 494 2412 amet,
512 2342 683 2422 autfaciat
696 2362 826 2425 curego
840 2352 963 2426 semper
976 2353 1095 2407 amem!
1311 2313 1318 2437 1

305 2448 378 2511 Atat
392 2448 527 2509 nimium
543 2447 651 2513 uoluit
664 2455 787 2511 tantum
796 2450 949 2533 patiatur
962 2450 1094 2512 amari:
1316 2452 1318 2481 ³

241 2554 398 2618 Audierit
412 2560 536 2616 nostras
551 2561 596 2617 tot
613 2555 770 2634 Cytherea
778 2565 929 2661 precests
1027 2622 1028 2625 Ἴ

90 2656 93 2664 ’
130 2671 148 2738 5
203 2663 326 2747 Accipe,
339 2673 402 2747 per
416 2662 526 2745 longos
540 2663 605 2725 tibi
615 2663 677 2744 qui
687 2663 848 2726 deserviat
862 2684 968 2736 annos,

242 2768 365 2853 Accipe,
384 2768 443 2852 qui
450 2778 535 2851 pura
551 2769 638 2831 norit
651 2790 759 2832 amare
772 2769 859 2852 fide!

200 2875 244 2940 Si
256 2896 304 2936 me
318 2895 376 2936 uon
392 2880 533 2937 ueterum
546 2876 762 2938 commendant
776 2897 894 2960 magna
902 2883 1074 2960 parentum

240 2981 389 3073 Nomina,
408 2981 442 3043 si
454 2981 559 3043 nostri
569 2983 744 3064 sauguinis
758 2990 869 3045 auctor
882 3004 983 3065 eques,

199 3090 268 3154 Nec
283 3108 369 3150 meus
385 3089 565 3150 innumeris
579 3095 752 3151 renouatur
766 3100 893 3172 campus
906 3090 1040 3162 aratris,

112 3211 148 3256 ιο
244 3198 409 3278 Temperat
423 3201 454 3257 et
466 3201 609 3278 sumptus
617 3206 738 3278 parcus
754 3203 887 3280 uterque
897 3207 1016 3280 pareus
1030 3225 1040 3260 .·

200 3303 245 3368 At
258 3301 394 3365 Phoebus
407 3302 592 3385 comitesque
606 3282 864 3386 uomffvitqune
880 3310 1026 3386 repertor

239 3408 477 3491 Hmcfhciunt,
487 3415 519 3471 et
533 3429 581 3471 me
595 3409 656 3491 qui
667 3408 732 3471 tibi
742 3409 844 3482 donat,
864 3409 973 3483 Amor,

202 3515 249 3580 Et
263 3515 354 3578 nulli
363 3536 492 3578 cessura
498 3515 594 3599 fides,
614 3517 683 3577 siue
696 3517 833 3579 crimine
847 3537 956 3589 mores,
1043 3543 1044 3550 ¹

240 3621 400 3705 Nudaque
413 3622 615 3705 simplicitas,
628 3632 873 3721 purpureusque
883 3623 999 3710 pudor,
