2648 4470
210 330 248 395 32
616 331 717 380 meso
735 330 865 382 omnus

246 585 318 648 Scit
332 583 405 646 bene
417 583 499 665 qnid
506 602 654 665 gramen,
670 585 752 668 quid
763 591 844 648 torto
856 585 978 650 concita
992 586 1118 651 rhombo

285 691 387 761 Licia,
405 689 487 771 qnid
498 690 605 754 ualeat
618 692 713 754 uirus
726 692 866 756 amantis
878 712 969 775 eqnae
978 719 992 770 ,·

245 797 273 859 C
275 818 326 859 um
342 796 451 868 uoluit,
470 800 530 859 tolo
540 797 770 879 glomerantur
784 797 894 863 nubila
908 801 1005 866 caelo:

157 915 192 957 10
283 903 311 966 C
312 924 365 965 nm
380 888 488 975 noluit,
501 913 586 986 puro
589 905 709 988 fulget
723 906 758 967 in
772 905 846 969 orbe
859 906 950 982 dies,·

244 1010 422 1096 Sanguine,
440 1009 474 1072 si
484 1009 649 1093 qnafides,
667 1011 833 1076 stillantia
846 1011 959 1075 sidera
973 1012 1069 1088 nodi,-

281 1101 474 1200 Pnrpureus
487 1116 587 1180 Lause
599 1110 759 1200 sangnine
773 1118 884 1181 nultus
896 1124 969 1182 erat
982 1145 996 1195 ,·

248 1223 343 1286 Hanc
356 1244 414 1308 ego
428 1232 599 1288 nocturnas
615 1245 741 1287 uersam
756 1225 897 1290 uolitare
905 1236 968 1310 per
983 1225 1113 1290 umbras

282 1330 443 1414 Suspicor,
452 1336 494 1392 'et
501 1330 615 1414 pluma
629 1340 741 1414 corpus
753 1330 841 1394 anile
854 1331 949 1416 tegi,-

157 1443 190 1507 ¹5
244 1435 406 1519 Suspicor,
424 1435 555 1517 etfama
568 1443 639 1512 ost,·
652 1437 752 1501 oculis
764 1456 885 1519 qnoque
892 1438 1017 1521 pupula
1033 1437 1149 1522 duplex

284 1541 465 1615 Fulminat,
482 1548 514 1605 et
521 1542 652 1626 gemino
666 1544 772 1607 lumen
787 1544 825 1607 ab
838 1542 910 1607 orbe
923 1545 1020 1608 micat
1028 1570 1041 1619 ,-

246 1649 280 1712 E
280 1654 367 1712 uocat
380 1648 524 1732 antc'qnis
533 1657 668 1731 proauos
680 1657 849 1734 atavosque
862 1652 1029 1735 sepulcris,

284 1755 332 1817 Et
344 1754 479 1818 solidam
494 1756 587 1839 longo
599 1757 742 1820 carmine
746 1757 855 1840 findit
869 1758 1008 1822 humum.

243 1863 323 1927 Hcec
336 1862 403 1925 sili
407 1864 573 1946 proposuit
586 1863 740 1926 thalamos
753 1869 910 1928 temerare
918 1865 1054 1949 pudicos
1062 1891 1075 1939 ,·
1162 1936 1174 1945 ,

152 1983 191 2030 20
283 1971 352 2034 Nec
365 1975 469 2034 tamen
483 1969 603 2052 eloquio
616 1970 732 2054 lingna
747 1978 871 2036 nocente
882 1978 981 2037 caret.

244 2079 329 2141 Fors
344 2098 391 2139 me
404 2076 547 2140 sermoni
557 2081 664 2138 testem
679 2077 789 2154 dedit,·
805 2078 832 2141 il
844 2098 865 2141 a
879 2077 1021 2142 monebat

288 2184 379 2247 Talia
395 2186 459 2262 (me
472 2183 615 2267 duplices
628 2184 791 2247 occuluere
794 2183 904 2266 fores)
922 2211 933 2248 .-

242 2313 261 2354 <s
274 2291 348 2353 Scis
362 2291 437 2352 nere
450 2296 489 2363 te,
508 2311 576 2353 mea
590 2291 659 2359 lux,
670 2290 793 2374 junoni
797 2292 963 2374 placuisse
978 2292 1095 2355 beato?
1162 2281 1167 2287 ⁵

283 2397 391 2460 Haesit
404 2403 436 2459 et
451 2397 484 2458 in
500 2398 593 2459 vultu
607 2398 751 2459 constitit
765 2417 865 2480 usqne
878 2403 940 2460 tuo.

152 2515 169 2561 2
172 2514 189 2577 5
244 2503 290 2565 Et
304 2524 362 2566 cnr
376 2522 435 2565 non
444 2504 600 2588 placeas?
618 2503 708 2564 nulli
717 2504 890 2584 tuosorma
903 2502 1040 2567 secunda
1054 2509 1103 2565 est
1118 2524 1128 2567 :

282 2609 338 2673 Me
351 2611 523 2673 miseram!
538 2609 660 2692 dignus
672 2619 801 2694 corpore
814 2611 919 2672 cnltns
932 2609 1028 2674 abest.

249 2717 324 2780 Tam
328 2717 424 2798 felix
438 2736 521 2779 esses
533 2735 628 2798 qnam
632 2715 871 2797 fhrmosissima
887 2716 999 2778 uellem
1015 2735 1025 2776 .·

283 2824 356 2886 Non
370 2844 435 2906 ego,
454 2822 581 2906 tefacta
595 2823 708 2896 divite,
722 2833 848 2908 pauper
861 2842 924 2885 ero.

243 2930 348 2994 Stella
361 2930 426 2993 tibi
436 2930 573 3013 oppositi
584 2930 690 2993 nocuit
707 2929 873 2992 contraria
888 2928 1013 2992 Martis
1031 2949 1040 2992 :

152 3053 191 3118 30
283 3038 379 3099 Mars
391 3036 493 3109 abiit,·
506 3036 600 3119 signo
614 3057 697 3099 nnnc
719 3035 820 3100 Venus
833 3042 905 3118 apta
920 3054 985 3096 sno.

243 3145 358 3207 Prosit
371 3149 406 3205 nt
418 3142 599 3215 adveniens,
618 3161 656 3204 en
668 3142 794 3224 adspice
808 3161 819 3205 :
835 3140 926 3204 dines
938 3145 1062 3205 amator

290 3251 321 3312 Τ
315 3271 332 3314 e
344 3249 447 3334 cupiit
455 3275 468 3324 ,·
482 3269 575 3320 carco,
594 3247 677 3330 quid
687 3248 752 3310 tibi
763 3249 854 3320 desit,
872 3247 974 3311 labet.

244 3359 307 3421 Est
319 3355 536 3436 etiamfacies,
554 3374 624 3437 qnae
637 3374 671 3417 se
684 3355 748 3417 tibi
758 3360 921 3438 comparet,
942 3355 1002 3416 illi
1016 3373 1026 3416 .·

283 3463 367 3527 Site
381 3483 440 3524 non
455 3467 589 3544 emptam
604 3461 707 3533 vellet,
725 3460 874 3522 emendus
885 3467 968 3523 erat.
984 3479 1002 3520 »

152 3588 191 3653 35
243 3571 397 3635 Erubuit
417 3568 550 3632 «Decet
563 3568 636 3630 alba
649 3567 776 3650 quidem
786 3566 892 3652 pudor
905 3586 971 3641 ora,
990 3563 1049 3628 sed
1062 3565 1132 3638 iste,

282 3679 327 3741 Si
339 3672 477 3750 simules,
490 3674 622 3759 prodest
627 3698 641 3748 ,·
655 3693 751 3736 verns
764 3674 866 3737 obesse
880 3673 969 3736 solet.
