2648 4470
213 304 253 386 76
591 314 893 369 unessocuuous

784 510 807 549 d

248 569 277 632 S
278 568 330 632 ive
337 578 464 652 procax
476 568 587 651 olo'qm
601 575 659 646 est,
675 570 793 653 capo'or,
809 570 886 654 quia
901 571 1023 635 rustico
1037 591 1099 635 nou
1113 579 1171 646 est,
1187 606 1189 610 Α

287 676 443 759 Spemque
454 675 510 738 dat
525 676 559 737 in
574 676 667 740 molli
677 676 805 740 mobilis
816 696 884 740 esse
896 683 987 753 toro,-

161 795 194 860 15
248 783 372 868 Aspera
385 783 420 844 si
429 782 502 845 uisa
514 788 564 846 est
577 782 770 865 rigidasque
784 783 913 847 i'ruo‘tota
926 782 1076 860 Sabinos,

296 890 389 963 Velle,
404 889 464 952 sed
474 909 516 951 ex
528 889 594 952 alto
607 887 825 962 dissimulare,
840 896 918 973 puto
927 915 940 965 ,·

247 996 276 1059 S
277 995 328 1059 ive
341 1016 374 1058 es
387 996 485 1068 docta,
497 996 607 1078 places
622 1014 718 1058 raras
731 996 838 1060 dotata
845 1004 910 1080 per
921 1002 1031 1071 artes,-

286 1103 366 1166 Siue
380 1102 484 1176 rudos,
496 1102 623 1185 placita
636 1120 670 1164 es
682 1101 892 1187 simplicitate
905 1108 974 1167 tua.

249 1208 311 1273 Est
323 1230 393 1295 quae
407 1208 603 1273 Callimachi
609 1216 683 1291 pru
695 1209 816 1271 nostris
831 1211 952 1273 rustica
966 1210 1056 1273 ducat

155 1328 195 1375 20
290 1316 467 1381 Carmina:
481 1316 538 1378 cui
542 1314 660 1397 placeo,
674 1316 825 1397 protinus
839 1316 909 1400 ipsa
918 1317 1028 1400 placet
1035 1341 1048 1389 ,·

247 1424 312 1486 Est
325 1423 422 1485 etiam
436 1442 506 1506 quoe
519 1427 684 1508 menatem
698 1428 730 1484 et
743 1442 810 1485 neca
825 1423 969 1486 carmina
983 1425 1088 1506 culpet
1097 1450 1110 1488 .-

286 1528 458 1611 Culpantis
470 1527 594 1611 cupiam
608 1529 799 1592 sustinuisse
802 1529 929 1612 femur.

193 1718 195 1722 ι
246 1634 395 1698 Molliter
409 1633 548 1698 incedit:
563 1639 645 1696 motu
659 1634 744 1718 capit
753 1661 766 1708 ,·
779 1635 884 1698 altero
898 1635 983 1698 dura
998 1640 1066 1698 est:

284 1741 330 1803 At
340 1741 461 1824 poterit
475 1746 554 1803 tacto
568 1741 694 1804 mollior
707 1761 774 1804 esso
788 1743 871 1807 viro.

155 1859 192 1924 25
245 1847 325 1911 Hoec
337 1849 414 1930 quia
428 1847 521 1910 dulce
533 1847 621 1909 cauit
631 1846 967 1930 flectetquefacillima
983 1869 1094 1924 uocem,

287 1955 403 2018 Oscula
416 1953 564 2019 cantanti
576 1958 668 2037 rapta
683 1952 809 2017 dedisse
822 1939 919 2017 velino
929 1981 944 2030 ,·

245 2060 325 2126 Haec
337 2062 489 2146 querulas
501 2061 607 2125 habili
612 2061 784 2144 percurrit
793 2061 910 2145 pollice
923 2061 1081 2126 chordas:

288 2169 319 2232 Τ
314 2189 366 2231 am
379 2168 486 2233 doctas
499 2168 571 2252 quis
586 2188 644 2230 uon
655 2167 756 2251 possit
768 2187 878 2231 amare
892 2177 1028 2234 manust

244 2274 308 2338 Illa
317 2276 424 2359 placet
432 2279 528 2359 gestu
542 2293 768 2356 numerosaque
781 2275 912 2338 brachia
927 2275 1023 2348 ducit,

153 2395 192 2458 30
284 2383 331 2445 Et
344 2387 488 2444 tenerum
502 2381 595 2443 molli
605 2386 727 2465 torquet
740 2381 779 2444 oh
792 2388 864 2446 arte
878 2383 983 2447 lotus:

248 2485 291 2550 Ut
303 2493 422 2551 taccam
436 2486 475 2549 de
488 2504 544 2560 me,
561 2486 621 2568 qui
630 2508 726 2550 causa
740 2493 858 2571 longor
870 2488 909 2551 ab
923 2488 1016 2562 omui,

283 2592 357 2656 Illic
369 2592 579 2676 Hippolytum
588 2602 678 2676 pone,
694 2593 842 2677 Priapus
854 2595 933 2660 erit.

249 2701 303 2774 Tu,
321 2701 397 2784 quio
411 2706 477 2763 tam
492 2701 588 2782 longo
602 2720 643 2773 es,
662 2706 785 2763 veteres
797 2699 946 2765 heroidas
958 2720 1074 2785 aquas,

283 2806 330 2871 Et
340 2812 427 2891 potes
441 2808 475 2870 in
490 2811 551 2869 toto
565 2807 666 2869 multa
671 2807 784 2891 jacere
798 2814 867 2871 toro
875 2834 889 2883 ,·
1156 2796 1158 2801 ⁸

151 2925 190 2992 35
243 2916 322 2980 Huc
335 2913 455 2978 habilis
468 2913 623 2976 breuitate
635 2933 693 2976 sua
707 2919 754 2976 est
762 2939 774 2985 ,·
790 2925 975 2999 corrumpor
989 2921 1150 2998 utraque:

282 3020 481 3084 Conveniunt
494 3019 674 3102 cotalonga
689 3019 859 3103 brevesque
872 3042 946 3087 meo.

243 3127 317 3192 Non
331 3132 378 3189 est
391 3127 495 3189 culta:
510 3125 597 3188 subit
610 3126 693 3208 quid
704 3127 800 3189 cultee
813 3127 958 3191 accedere
967 3128 1092 3211 possit,-

284 3234 410 3297 Ornata
425 3237 472 3295 est
483 3258 494 3297 .·
509 3233 596 3296 dotes
608 3233 733 3296 exhibet
747 3235 816 3317 ipso
830 3255 915 3299 suas.

246 3339 394 3404 Caudo'da
408 3360 457 3402 me
468 3341 579 3423 capiet,
597 3341 699 3422 capiet
712 3361 760 3402 me
773 3340 861 3419 flaua
871 3341 981 3424 puella
992 3365 1007 3416 ,-

151 3455 191 3518 40
283 3444 347 3507 Est
359 3446 456 3508 etiam
472 3445 506 3507 in
516 3445 606 3524 fusco
615 3453 719 3530 grata
733 3449 834 3510 colore
855 3445 979 3520 Venus,·

243 3549 271 3612 S
271 3569 309 3612 eu
316 3549 457 3633 pendent
469 3549 562 3612 nivea
570 3549 665 3632 pulli
674 3551 796 3615 cerm‘ce
808 3553 929 3635 capilli,
977 3619 979 3623 ,

284 3655 449 3742 Ledafuit
462 3657 562 3740 nigra
576 3657 793 3744 conspicienda
807 3679 891 3722 coma
901 3683 914 3734 ,-
