2648 4470
222 306 277 386 146
612 319 713 371 suasa
735 318 886 371 massus

262 576 303 636 Ut
318 583 447 656 suaper
461 580 602 637 nostram
618 574 760 639 redimat
768 573 926 657 perjurio
935 582 1072 656 poenam,

304 680 440 742 Victima
454 680 600 762 deceptus
614 681 805 763 decipientis
817 689 895 746 ero?

205 832 208 836 -
256 789 325 850 Aut
338 787 407 848 sine
421 807 456 847 re
471 807 578 848 nomen
593 786 671 848 deus
686 794 734 848 est
737 788 937 869 frustraque
951 787 1095 858 timetur,

296 893 343 954 Et
357 894 454 955 stulta
463 894 595 976 populos
610 894 804 956 credulitate
818 898 925 965 mouet,

163 1014 200 1077 25
254 999 330 1070 Aut,
347 1000 381 1060 si
392 1000 465 1080 quis
480 999 558 1062 deus
570 1008 627 1072 est,
646 1007 774 1062 teneras
787 1007 876 1064 amat
890 999 948 1062 ille
956 999 1095 1083 puellas,

296 1107 344 1169 Et
359 1107 494 1167 nimium
509 1108 592 1168 solas
607 1108 711 1169 o'mnia
721 1118 814 1192 posse
820 1107 925 1190 jubet.

255 1212 501 1295 Nobisfhtifiero
515 1213 649 1276 Mauors
660 1215 847 1298 accingitur
860 1234 944 1290 ense,

294 1321 364 1383 Nos
372 1321 459 1403 petit
475 1320 596 1383 znor'cto
612 1321 768 1383 Palladis
781 1321 874 1384 hasta
889 1342 1003 1392 mann·
1094 1397 1098 1405 ¹

257 1425 537 1507 Nobisflenililes
550 1434 732 1489 curvantur
746 1428 909 1511 Apollinis
922 1447 1025 1501 arcuS,

161 1549 201 1612 30
292 1532 330 1594 In
345 1553 400 1594 nos
413 1533 480 1595 alta
495 1533 594 1612 Joois
607 1534 738 1597 dextera
745 1534 876 1613 fulmen
891 1533 1005 1608 habet,·

253 1637 423 1702 Formosas
437 1641 551 1723 superi
561 1647 706 1703 metuunt
720 1641 877 1725 infeudare
892 1642 973 1713 tasi,

292 1747 397 1828 Atque
412 1747 507 1820 ultro,
525 1768 596 1830 qua
609 1768 642 1810 se
656 1768 716 1810 nou
730 1748 877 1821 timuere,
897 1749 1018 1812 timent.

254 1853 301 1917 Et
313 1853 479 1936 quisquam
490 1855 547 1936 pia
562 1854 731 1936 turafocis
746 1855 904 1938 imponere
917 1859 1036 1918 curat?

295 1959 392 2022 Certe
400 1962 478 2044 plus
491 1960 598 2022 animi
609 1960 697 2023 debet
709 1961 811 2024 r'nesse
825 1961 921 2025 m'ris.

164 2079 201 2144 35
256 2065 413 2149 Juppiter
428 2067 505 2150 igme
518 2087 574 2129 suo
588 2068 674 2131 lucos
680 2067 854 2150 jaculatur
867 2075 900 2132 et
913 2087 1013 2140 arces,

296 2173 459 2254 Missaque
468 2172 623 2256 perjuras
636 2171 821 2252 telaferire
835 2178 941 2250 vetat;

260 2276 316 2340 Tot
330 2298 474 2340 meruere
481 2281 576 2361 peti:
592 2279 715 2342 Semele
729 2279 928 2342 miserabilis
940 2281 1045 2345 arsitt

300 2383 411 2468 Officio
424 2390 470 2446 est
486 2386 527 2447 ill
529 2386 544 2446 i
550 2396 643 2469 poena
659 2393 788 2469 reperta
801 2407 858 2449 suo
867 2413 880 2462 ,-

260 2488 305 2572 At
324 2490 359 2551 si
371 2496 502 2552 uenturo
516 2512 549 2554 se
561 2493 769 2556 subduxisset
781 2495 913 2565 amanti,

168 2614 208 2675 40
302 2598 375 2659 Non
384 2604 480 2680 pater
494 2598 528 2659 in
544 2600 666 2662 Baccho
681 2601 798 2662 matris
813 2600 943 2663 liaberet
955 2609 1042 2684 opus.
1077 2627 1079 2632 ¹

263 2703 353 2784 Quid
364 2724 481 2785 queror
494 2711 523 2766 et
537 2705 693 2786 totofacio
707 2707 849 2769 conuicia
858 2708 956 2771 caelo?

301 2809 352 2872 Di
363 2831 483 2893 quoque
497 2811 612 2874 nabent
625 2812 734 2886 oculos,
754 2812 794 2874 di
804 2834 921 2896 quoque
929 2820 1042 2896 pectus
1054 2813 1173 2878 liabent
1182 2815 1199 2876 l

262 2917 290 2980 S
292 2918 308 2980 i
318 2918 396 2980 deus
411 2920 596 3002 ipsejorem,
615 2939 731 2980 numen
744 2919 947 3001 sinefraude
961 2921 1075 2984 liceret

302 3024 439 3087 Femina
449 3026 595 3088 mendaci
596 3026 738 3106 falleret
751 3046 806 3088 ore
820 3047 945 3103 meum;

55 3135 57 3138 ⁴
171 3146 210 3211 45
264 3132 335 3215 lpse
349 3152 407 3214 ego
412 3131 567 3213 jurarem
583 3153 694 3195 uerum
702 3131 828 3214 jurare
838 3134 974 3216 puellm,

304 3240 352 3301 Et
366 3259 424 3300 non
439 3238 478 3301 de
492 3240 617 3301 tetricis
632 3240 760 3302 dz'cerer
772 3259 840 3302 esse
855 3240 942 3303 deus,

269 3345 298 3406 T
294 3366 315 3404 u
329 3350 432 3407 tamen
449 3347 580 3409 illorum
595 3346 793 3409 moderatius
808 3353 897 3410 utere
912 3347 998 3420 dono)

302 3452 369 3513 Aut
382 3453 480 3515 ocutis
492 3460 578 3517 certe
584 3463 692 3536 parce,
706 3454 823 3538 puella,
837 3453 916 3517 meis
928 3459 943 3516 t
