<?xml version="1.0" encoding="UTF-8"?>
<!DOCTYPE html PUBLIC "-//W3C//DTD XHTML 1.0 Transitional//EN"
    "http://www.w3.org/TR/xhtml1/DTD/xhtml1-transitional.dtd">
<html xmlns="http://www.w3.org/1999/xhtml" xml:lang="en" lang="en">
 <head>
  <title>
</title>
<meta http-equiv="Content-Type" content="text/html;charset=utf-8" />
  <meta name='ocr-system' content='tesseract 3.04.00' />
  <meta name='ocr-capabilities' content='ocr_page ocr_carea ocr_par ocr_line ocrx_word'/>
</head>
<body>
  <div class='ocr_page' id='page_1' title='image "./povidiinasonisa00ovidgoog_0225.png"; bbox 0 0 2648 4470; ppageno 0'>
   <div class='ocr_carea' id='block_1_1' title="bbox 177 366 840 433">
    <p class='ocr_par' dir='ltr' id='par_1_1' title="bbox 177 366 840 433">
     <span class='ocr_line' id='line_1_1' title="bbox 177 366 840 433; baseline 0.014 -21"><span class='ocrx_word' id='word_1_1' title='bbox 177 366 242 432; x_wconf 62' lang='grc' dir='ltr'><em>ηρ,</em></span> <span class='ocrx_word' id='word_1_2' title='bbox 571 366 840 433; x_wconf 65' lang='lat' dir='ltr'><em>Lmsnsnnsws</em></span> 
     </span>
    </p>
   </div>
   <div class='ocr_carea' id='block_1_2' title="bbox 212 619 968 815">
    <p class='ocr_par' dir='ltr' id='par_1_2' title="bbox 212 619 968 815">
     <span class='ocr_line' id='line_1_2' title="bbox 212 619 968 703; baseline 0.009 -22"><span class='ocrx_word' id='word_1_3' title='bbox 212 619 303 682; x_wconf 88' lang='lat' dir='ltr'><em>Neve</em></span> <span class='ocrx_word' id='word_1_4' title='bbox 317 638 385 682; x_wconf 74' lang='lat' dir='ltr'><em>suu</em></span> <span class='ocrx_word' id='word_1_5' title='bbox 392 627 521 703; x_wconf 82' lang='lat' dir='ltr'><em>possent</em></span> <span class='ocrx_word' id='word_1_6' title='bbox 536 622 687 687; x_wconf 82' lang='lat' dir='ltr'><em>intactam</em></span> <span class='ocrx_word' id='word_1_7' title='bbox 701 624 785 686; x_wconf 86' lang='lat' dir='ltr'><em>scire</em></span> <span class='ocrx_word' id='word_1_8' title='bbox 800 625 968 698; x_wconf 67' lang='lat' dir='ltr'><em>ministre,</em></span> 
     </span>
     <span class='ocr_line' id='line_1_3' title="bbox 251 724 952 815; baseline 0.01 -26"><span class='ocrx_word' id='word_1_9' title='bbox 251 724 398 805; x_wconf 68' lang='lat' dir='ltr'><em>Dedeeus</em></span> <span class='ocrx_word' id='word_1_10' title='bbox 411 727 466 795; x_wconf 79' lang='lat' dir='ltr'><em>lun</em></span> <span class='ocrx_word' id='word_1_11' title='bbox 478 735 605 812; x_wconf 89' lang='lat' dir='ltr'><em>sumpta</em></span> <span class='ocrx_word' id='word_1_12' title='bbox 620 727 846 795; x_wconf 80' lang='lat' dir='ltr'><em>dissimulauit</em></span> <span class='ocrx_word' id='word_1_13' title='bbox 859 753 952 815; x_wconf 74' lang='lat' dir='ltr'><em>aquu</em></span> 
     </span>
    </p>
   </div>
   <div class='ocr_carea' id='block_1_3' title="bbox 117 1685 1144 3800">
    <p class='ocr_par' dir='ltr' id='par_1_3' title="bbox 117 1685 1144 3800">
     <span class='ocr_line' id='line_1_4' title="bbox 311 1685 1144 1773; baseline 0.01 -26"><span class='ocrx_word' id='word_1_14' title='bbox 311 1699 333 1747; x_wconf 84' lang='lat' dir='ltr'><strong>T</strong></span> <span class='ocrx_word' id='word_1_15' title='bbox 347 1685 515 1768; x_wconf 80' lang='lat' dir='ltr'><em>qnisquam</em></span> <span class='ocrx_word' id='word_1_16' title='bbox 530 1687 688 1771; x_wconf 78' lang='lat' dir='ltr'><em>ingenuus</em></span> <span class='ocrx_word' id='word_1_17' title='bbox 702 1688 883 1753; x_wconf 74' lang='lat' dir='ltr'><em>etiamnunc</em></span> <span class='ocrx_word' id='word_1_18' title='bbox 896 1692 1030 1773; x_wconf 78' lang='lat' dir='ltr'><em>suspicit</em></span> <span class='ocrx_word' id='word_1_19' title='bbox 1043 1699 1144 1770; x_wconf 90' lang='lat' dir='ltr'><em>artes,</em></span> 
     </span>
     <span class='ocr_line' id='line_1_5' title="bbox 171 1688 1056 1969; baseline 0.014 -118"><span class='ocrx_word' id='word_1_20' title='bbox 171 1688 308 1969; x_wconf 45' lang='lat' dir='ltr'><em>Q</em></span> <span class='ocrx_word' id='word_1_21' title='bbox 330 1793 397 1855; x_wconf 81' lang='lat' dir='ltr'><em>Aut</em></span> <span class='ocrx_word' id='word_1_22' title='bbox 410 1800 554 1857; x_wconf 87' lang='lat' dir='ltr'><em>tenerum</em></span> <span class='ocrx_word' id='word_1_23' title='bbox 568 1794 654 1857; x_wconf 85' lang='lat' dir='ltr'><em>dotes</em></span> <span class='ocrx_word' id='word_1_24' title='bbox 667 1816 795 1859; x_wconf 87' lang='lat' dir='ltr'><em>carmen</em></span> <span class='ocrx_word' id='word_1_25' title='bbox 810 1796 926 1859; x_wconf 81' lang='lat' dir='ltr'><em>lubere</em></span> <span class='ocrx_word' id='word_1_26' title='bbox 935 1806 1056 1879; x_wconf 77' lang='lat' dir='ltr'><em>putat?</em></span> 
     </span>
     <span class='ocr_line' id='line_1_6' title="bbox 310 1899 1082 1986; baseline 0.006 -24"><span class='ocrx_word' id='word_1_27' title='bbox 310 1899 481 1983; x_wconf 77' lang='lat' dir='ltr'><em>Ingenium</em></span> <span class='ocrx_word' id='word_1_28' title='bbox 495 1901 775 1982; x_wconf 84' lang='lat' dir='ltr'><em>quondamfnerat</em></span> <span class='ocrx_word' id='word_1_29' title='bbox 783 1903 962 1986; x_wconf 82' lang='lat' dir='ltr'><em>pretiosius</em></span> <span class='ocrx_word' id='word_1_30' title='bbox 976 1926 1057 1968; x_wconf 85' lang='lat' dir='ltr'><em>auro</em></span> <span class='ocrx_word' id='word_1_31' title='bbox 1070 1932 1082 1979; x_wconf 82' lang='lat'><em>,·</em></span> 
     </span>
     <span class='ocr_line' id='line_1_7' title="bbox 248 2006 1011 2090; baseline 0.005 -19"><span class='ocrx_word' id='word_1_32' title='bbox 248 2009 296 2071; x_wconf 86' lang='lat' dir='ltr'><em>At</em></span> <span class='ocrx_word' id='word_1_33' title='bbox 308 2027 391 2069; x_wconf 89' lang='lat' dir='ltr'><em>nnuc</em></span> <span class='ocrx_word' id='word_1_34' title='bbox 404 2006 556 2070; x_wconf 85' lang='lat' dir='ltr'><em>barbaria</em></span> <span class='ocrx_word' id='word_1_35' title='bbox 569 2013 616 2069; x_wconf 88' lang='lat' dir='ltr'><em>est</em></span> <span class='ocrx_word' id='word_1_36' title='bbox 626 2009 771 2090; x_wconf 78' lang='lat' dir='ltr'><em>grandis</em></span> <span class='ocrx_word' id='word_1_37' title='bbox 784 2009 898 2071; x_wconf 82' lang='lat' dir='ltr'><em>lubere</em></span> <span class='ocrx_word' id='word_1_38' title='bbox 913 2010 1011 2076; x_wconf 77' lang='lat' dir='ltr'><em>nitu.</em></span> 
     </span>
     <span class='ocr_line' id='line_1_8' title="bbox 137 2113 997 2199; baseline -0.001 -20"><span class='ocrx_word' id='word_1_39' title='bbox 137 2125 154 2190; x_wconf 82' lang='lat'>5</span> <span class='ocrx_word' id='word_1_40' title='bbox 212 2115 292 2179; x_wconf 89' lang='lat' dir='ltr'><em>Cum</em></span> <span class='ocrx_word' id='word_1_41' title='bbox 300 2113 440 2198; x_wconf 82' lang='lat' dir='ltr'><em>pulchre</em></span> <span class='ocrx_word' id='word_1_42' title='bbox 453 2113 589 2177; x_wconf 70' lang='lat' dir='ltr'><em>domin-e</em></span> <span class='ocrx_word' id='word_1_43' title='bbox 602 2116 709 2177; x_wconf 85' lang='lat' dir='ltr'><em>nostri</em></span> <span class='ocrx_word' id='word_1_44' title='bbox 715 2115 868 2199; x_wconf 86' lang='lat' dir='ltr'><em>placuere</em></span> <span class='ocrx_word' id='word_1_45' title='bbox 884 2115 997 2191; x_wconf 87' lang='lat' dir='ltr'><em>libelli,</em></span> 
     </span>
     <span class='ocr_line' id='line_1_9' title="bbox 249 2220 900 2303; baseline 0 -19"><span class='ocrx_word' id='word_1_46' title='bbox 249 2222 319 2303; x_wconf 85' lang='lat' dir='ltr'><em>Quo</em></span> <span class='ocrx_word' id='word_1_47' title='bbox 332 2221 428 2283; x_wconf 90' lang='lat' dir='ltr'><em>licuit</em></span> <span class='ocrx_word' id='word_1_48' title='bbox 441 2220 546 2294; x_wconf 84' lang='lat' dir='ltr'><em>libris,</em></span> <span class='ocrx_word' id='word_1_49' title='bbox 566 2242 626 2285; x_wconf 83' lang='lat' dir='ltr'><em>non</em></span> <span class='ocrx_word' id='word_1_50' title='bbox 642 2223 717 2285; x_wconf 88' lang='lat' dir='ltr'><em>licet</em></span> <span class='ocrx_word' id='word_1_51' title='bbox 731 2223 783 2285; x_wconf 90' lang='lat' dir='ltr'><em>ire</em></span> <span class='ocrx_word' id='word_1_52' title='bbox 798 2222 900 2297; x_wconf 80' lang='lat' dir='ltr'><em>milei,-</em></span> 
     </span>
     <span class='ocr_line' id='line_1_10' title="bbox 212 2326 1038 2410; baseline 0.001 -18"><span class='ocrx_word' id='word_1_53' title='bbox 212 2328 293 2392; x_wconf 88' lang='lat' dir='ltr'><em>Cum</em></span> <span class='ocrx_word' id='word_1_54' title='bbox 312 2327 386 2390; x_wconf 84' lang='lat' dir='ltr'><em>bene</em></span> <span class='ocrx_word' id='word_1_55' title='bbox 403 2326 561 2399; x_wconf 83' lang='lat' dir='ltr'><em>laudauit,</em></span> <span class='ocrx_word' id='word_1_56' title='bbox 581 2327 709 2392; x_wconf 84' lang='lat' dir='ltr'><em>laudato</em></span> <span class='ocrx_word' id='word_1_57' title='bbox 717 2329 826 2410; x_wconf 88' lang='lat' dir='ltr'><em>janua</em></span> <span class='ocrx_word' id='word_1_58' title='bbox 841 2331 950 2392; x_wconf 84' lang='lat' dir='ltr'><em>clausa</em></span> <span class='ocrx_word' id='word_1_59' title='bbox 964 2337 1038 2395; x_wconf 87' lang='lat' dir='ltr'><em>est:</em></span> 
     </span>
     <span class='ocr_line' id='line_1_11' title="bbox 254 2433 834 2517; baseline 0.005 -21"><span class='ocrx_word' id='word_1_60' title='bbox 254 2434 410 2517; x_wconf 82' lang='lat' dir='ltr'><em>Turpiter</em></span> <span class='ocrx_word' id='word_1_61' title='bbox 422 2433 484 2496; x_wconf 84' lang='lat' dir='ltr'><em>hnc</em></span> <span class='ocrx_word' id='word_1_62' title='bbox 499 2435 577 2499; x_wconf 82' lang='lat' dir='ltr'><em>illuc</em></span> <span class='ocrx_word' id='word_1_63' title='bbox 592 2436 778 2517; x_wconf 77' lang='lat' dir='ltr'><em>ingeniosus</em></span> <span class='ocrx_word' id='word_1_64' title='bbox 792 2456 834 2499; x_wconf 84' lang='lat' dir='ltr'><em>eo.</em></span> 
     </span>
     <span class='ocr_line' id='line_1_12' title="bbox 208 2539 977 2625; baseline 0 -20"><span class='ocrx_word' id='word_1_65' title='bbox 208 2540 242 2604; x_wconf 90' lang='lat' dir='ltr'><em>E</em></span> <span class='ocrx_word' id='word_1_66' title='bbox 242 2561 291 2605; x_wconf 88' lang='lat' dir='ltr'><em>cce</em></span> <span class='ocrx_word' id='word_1_67' title='bbox 305 2559 420 2614; x_wconf 88' lang='lat' dir='ltr'><em>recens,</em></span> <span class='ocrx_word' id='word_1_68' title='bbox 440 2539 531 2602; x_wconf 83' lang='lat' dir='ltr'><em>diues</em></span> <span class='ocrx_word' id='word_1_69' title='bbox 538 2547 636 2624; x_wconf 86' lang='lat' dir='ltr'><em>parto</em></span> <span class='ocrx_word' id='word_1_70' title='bbox 644 2551 709 2625; x_wconf 90' lang='lat' dir='ltr'><em>per</em></span> <span class='ocrx_word' id='word_1_71' title='bbox 721 2543 858 2606; x_wconf 86' lang='lat' dir='ltr'><em>uulnera</em></span> <span class='ocrx_word' id='word_1_72' title='bbox 873 2564 977 2618; x_wconf 88' lang='lat' dir='ltr'><em>censu,</em></span> 
     </span>
     <span class='ocr_line' id='line_1_13' title="bbox 121 2646 953 2732; baseline 0.01 -28"><span class='ocrx_word' id='word_1_73' title='bbox 121 2661 156 2704; x_wconf 85' lang='grc' dir='ltr'><em>ιο</em></span> <span class='ocrx_word' id='word_1_74' title='bbox 248 2647 437 2729; x_wconf 73' lang='lat' dir='ltr'><em>Praefiertnr</em></span> <span class='ocrx_word' id='word_1_75' title='bbox 451 2646 537 2708; x_wconf 80' lang='lat' dir='ltr'><em>nobis</em></span> <span class='ocrx_word' id='word_1_76' title='bbox 550 2647 711 2730; x_wconf 75' lang='lat' dir='ltr'><em>sanguine</em></span> <span class='ocrx_word' id='word_1_77' title='bbox 721 2655 835 2729; x_wconf 86' lang='lat' dir='ltr'><em>pastus</em></span> <span class='ocrx_word' id='word_1_78' title='bbox 848 2669 953 2732; x_wconf 88' lang='lat' dir='ltr'><em>eques.</em></span> 
     </span>
     <span class='ocr_line' id='line_1_14' title="bbox 208 2754 1006 2839; baseline 0.001 -20"><span class='ocrx_word' id='word_1_79' title='bbox 208 2755 306 2819; x_wconf 90' lang='lat' dir='ltr'><em>Hunc</em></span> <span class='ocrx_word' id='word_1_80' title='bbox 312 2762 403 2839; x_wconf 84' lang='lat' dir='ltr'><em>potes</em></span> <span class='ocrx_word' id='word_1_81' title='bbox 415 2754 569 2837; x_wconf 84' lang='lat' dir='ltr'><em>amplecti</em></span> <span class='ocrx_word' id='word_1_82' title='bbox 569 2754 736 2832; x_wconf 82' lang='lat' dir='ltr'><em>formosis,</em></span> <span class='ocrx_word' id='word_1_83' title='bbox 755 2756 830 2828; x_wconf 84' lang='lat' dir='ltr'><em>vitu,</em></span> <span class='ocrx_word' id='word_1_84' title='bbox 851 2755 1006 2821; x_wconf 70' lang='lat' dir='ltr'><em>lacertis?</em></span> 
     </span>
     <span class='ocr_line' id='line_1_15' title="bbox 248 2860 927 2945; baseline 0.001 -20"><span class='ocrx_word' id='word_1_85' title='bbox 248 2861 365 2944; x_wconf 88' lang='lat' dir='ltr'><em>Hujus</em></span> <span class='ocrx_word' id='word_1_86' title='bbox 380 2863 413 2924; x_wconf 86' lang='lat' dir='ltr'><em>iu</em></span> <span class='ocrx_word' id='word_1_87' title='bbox 428 2861 584 2945; x_wconf 83' lang='lat' dir='ltr'><em>amplexu,</em></span> <span class='ocrx_word' id='word_1_88' title='bbox 603 2862 686 2938; x_wconf 82' lang='lat' dir='ltr'><em>vita,</em></span> <span class='ocrx_word' id='word_1_89' title='bbox 693 2860 806 2944; x_wconf 86' lang='lat' dir='ltr'><em>jacere</em></span> <span class='ocrx_word' id='word_1_90' title='bbox 815 2867 927 2944; x_wconf 77' lang='lat' dir='ltr'><em>potes?</em></span> 
     </span>
     <span class='ocr_line' id='line_1_16' title="bbox 208 2967 990 3051; baseline -0.005 -19"><span class='ocrx_word' id='word_1_91' title='bbox 208 2969 253 3032; x_wconf 91' lang='lat' dir='ltr'><em>Si</em></span> <span class='ocrx_word' id='word_1_92' title='bbox 264 2970 376 3043; x_wconf 88' lang='lat' dir='ltr'><em>nescis,</em></span> <span class='ocrx_word' id='word_1_93' title='bbox 396 2974 490 3051; x_wconf 85' lang='lat' dir='ltr'><em>capnt</em></span> <span class='ocrx_word' id='word_1_94' title='bbox 503 2967 558 3030; x_wconf 79' lang='lat' dir='ltr'><em>leuc</em></span> <span class='ocrx_word' id='word_1_95' title='bbox 567 2969 697 3050; x_wconf 82' lang='lat' dir='ltr'><em>galeam</em></span> <span class='ocrx_word' id='word_1_96' title='bbox 705 2975 841 3050; x_wconf 85' lang='lat' dir='ltr'><em>portare</em></span> <span class='ocrx_word' id='word_1_97' title='bbox 854 2967 990 3044; x_wconf 86' lang='lat' dir='ltr'><em>solebat‚·</em></span> 
     </span>
     <span class='ocr_line' id='line_1_17' title="bbox 247 3072 979 3156; baseline -0.008 -15"><span class='ocrx_word' id='word_1_98' title='bbox 247 3078 282 3141; x_wconf 88' lang='lat' dir='ltr'><em>E</em></span> <span class='ocrx_word' id='word_1_99' title='bbox 282 3097 337 3140; x_wconf 90' lang='lat' dir='ltr'><em>nse</em></span> <span class='ocrx_word' id='word_1_100' title='bbox 351 3077 435 3139; x_wconf 86' lang='lat' dir='ltr'><em>latus</em></span> <span class='ocrx_word' id='word_1_101' title='bbox 444 3075 583 3138; x_wconf 88' lang='lat' dir='ltr'><em>cinctum</em></span> <span class='ocrx_word' id='word_1_102' title='bbox 597 3073 681 3156; x_wconf 85' lang='lat' dir='ltr'><em>qnod</em></span> <span class='ocrx_word' id='word_1_103' title='bbox 692 3072 757 3136; x_wconf 89' lang='lat' dir='ltr'><em>tibi</em></span> <span class='ocrx_word' id='word_1_104' title='bbox 766 3075 873 3137; x_wconf 85' lang='lat' dir='ltr'><em>seruit</em></span> <span class='ocrx_word' id='word_1_105' title='bbox 886 3080 979 3150; x_wconf 89' lang='lat' dir='ltr'><em>erat;</em></span> 
     </span>
     <span class='ocr_line' id='line_1_18' title="bbox 120 3181 1121 3258; baseline -0.003 -12"><span class='ocrx_word' id='word_1_106' title='bbox 120 3190 154 3254; x_wconf 83' lang='lat'><em>¹5</em></span> <span class='ocrx_word' id='word_1_107' title='bbox 207 3183 303 3246; x_wconf 72' lang='lat' dir='ltr'><em>Luna</em></span> <span class='ocrx_word' id='word_1_108' title='bbox 318 3203 441 3258; x_wconf 88' lang='lat' dir='ltr'><em>manus,</em></span> <span class='ocrx_word' id='word_1_109' title='bbox 455 3183 511 3244; x_wconf 88' lang='lat' dir='ltr'><em>cui</em></span> <span class='ocrx_word' id='word_1_110' title='bbox 522 3203 604 3244; x_wconf 89' lang='lat' dir='ltr'><em>nunc</em></span> <span class='ocrx_word' id='word_1_111' title='bbox 617 3201 725 3243; x_wconf 89' lang='lat' dir='ltr'><em>serum</em></span> <span class='ocrx_word' id='word_1_112' title='bbox 740 3182 821 3243; x_wconf 88' lang='lat' dir='ltr'><em>male</em></span> <span class='ocrx_word' id='word_1_113' title='bbox 836 3181 981 3245; x_wconf 84' lang='lat' dir='ltr'><em>convenit</em></span> <span class='ocrx_word' id='word_1_114' title='bbox 995 3202 1121 3254; x_wconf 86' lang='lat' dir='ltr'><em>aurum,</em></span> 
     </span>
     <span class='ocr_line' id='line_1_19' title="bbox 246 3288 993 3371; baseline -0.005 -17"><span class='ocrx_word' id='word_1_115' title='bbox 246 3290 344 3354; x_wconf 85' lang='lat' dir='ltr'><em>Scuta</em></span> <span class='ocrx_word' id='word_1_116' title='bbox 358 3289 457 3365; x_wconf 88' lang='lat' dir='ltr'><em>tulit;</em></span> <span class='ocrx_word' id='word_1_117' title='bbox 472 3288 617 3351; x_wconf 84' lang='lat' dir='ltr'><em>dextram</em></span> <span class='ocrx_word' id='word_1_118' title='bbox 631 3294 731 3371; x_wconf 77' lang='lat' dir='ltr'><em>tange</em></span> <span class='ocrx_word' id='word_1_119' title='bbox 746 3307 755 3349; x_wconf 91' lang='lat'><em>:</em></span> <span class='ocrx_word' id='word_1_120' title='bbox 771 3295 904 3351; x_wconf 84' lang='lat' dir='ltr'><em>cruenta</em></span> <span class='ocrx_word' id='word_1_121' title='bbox 909 3288 993 3369; x_wconf 91' lang='lat' dir='ltr'><em>fuit.</em></span> 
     </span>
     <span class='ocr_line' id='line_1_20' title="bbox 210 3395 1117 3480; baseline 0 -21"><span class='ocrx_word' id='word_1_122' title='bbox 210 3398 280 3477; x_wconf 83' lang='lat' dir='ltr'><em>Qua</em></span> <span class='ocrx_word' id='word_1_123' title='bbox 289 3396 393 3480; x_wconf 91' lang='lat' dir='ltr'><em>periit</em></span> <span class='ocrx_word' id='word_1_124' title='bbox 405 3395 536 3477; x_wconf 84' lang='lat' dir='ltr'><em>uliquis,</em></span> <span class='ocrx_word' id='word_1_125' title='bbox 549 3401 639 3477; x_wconf 86' lang='lat' dir='ltr'><em>potes</em></span> <span class='ocrx_word' id='word_1_126' title='bbox 652 3395 733 3458; x_wconf 74' lang='lat' dir='ltr'><em>lianc</em></span> <span class='ocrx_word' id='word_1_127' title='bbox 746 3395 930 3478; x_wconf 78' lang='lat' dir='ltr'><em>contingere</em></span> <span class='ocrx_word' id='word_1_128' title='bbox 944 3395 1117 3459; x_wconf 81' lang='lat' dir='ltr'><em>dextrum?</em></span> 
     </span>
     <span class='ocr_line' id='line_1_21' title="bbox 246 3502 892 3585; baseline 0.003 -20"><span class='ocrx_word' id='word_1_129' title='bbox 246 3503 343 3567; x_wconf 86' lang='lat' dir='ltr'><em>Heu!</em></span> <span class='ocrx_word' id='word_1_130' title='bbox 358 3503 416 3567; x_wconf 90' lang='lat' dir='ltr'><em>nbi</em></span> <span class='ocrx_word' id='word_1_131' title='bbox 426 3502 576 3564; x_wconf 77' lang='lat' dir='ltr'><em>mollities</em></span> <span class='ocrx_word' id='word_1_132' title='bbox 583 3503 726 3585; x_wconf 83' lang='lat' dir='ltr'><em>pectoris</em></span> <span class='ocrx_word' id='word_1_133' title='bbox 742 3503 803 3565; x_wconf 83' lang='lat' dir='ltr'><em>illa</em></span> <span class='ocrx_word' id='word_1_134' title='bbox 818 3504 892 3567; x_wconf 80' lang='lat' dir='ltr'><em>tui?</em></span> 
     </span>
     <span class='ocr_line' id='line_1_22' title="bbox 212 3609 951 3693; baseline -0.005 -18"><span class='ocrx_word' id='word_1_135' title='bbox 212 3610 315 3675; x_wconf 88' lang='lat' dir='ltr'><em>Cerne</em></span> <span class='ocrx_word' id='word_1_136' title='bbox 328 3609 502 3682; x_wconf 70' lang='lat' dir='ltr'><em>creatrices,</em></span> <span class='ocrx_word' id='word_1_137' title='bbox 521 3609 640 3670; x_wconf 85' lang='lat' dir='ltr'><em>ueteris</em></span> <span class='ocrx_word' id='word_1_138' title='bbox 654 3609 793 3691; x_wconf 53' lang='lat' dir='ltr'><em>vestigia</em></span> <span class='ocrx_word' id='word_1_139' title='bbox 803 3618 927 3693; x_wconf 68' lang='lat' dir='ltr'><em>pugnet</em></span> <span class='ocrx_word' id='word_1_140' title='bbox 941 3636 951 3672; x_wconf 91' lang='lat'><em>:</em></span> 
     </span>
     <span class='ocr_line' id='line_1_23' title="bbox 117 3714 986 3800; baseline 0.002 -20"><span class='ocrx_word' id='word_1_141' title='bbox 117 3728 156 3780; x_wconf 85' lang='lat'><em>20</em></span> <span class='ocrx_word' id='word_1_142' title='bbox 250 3716 427 3797; x_wconf 75' lang='lat' dir='ltr'><em>Quusitnm</em></span> <span class='ocrx_word' id='word_1_143' title='bbox 442 3722 490 3779; x_wconf 88' lang='lat' dir='ltr'><em>est</em></span> <span class='ocrx_word' id='word_1_144' title='bbox 505 3716 564 3778; x_wconf 88' lang='lat' dir='ltr'><em>illi</em></span> <span class='ocrx_word' id='word_1_145' title='bbox 572 3725 699 3799; x_wconf 81' lang='lat' dir='ltr'><em>corpore</em></span> <span class='ocrx_word' id='word_1_146' title='bbox 712 3714 874 3800; x_wconf 86' lang='lat' dir='ltr'><em>quidquid</em></span> <span class='ocrx_word' id='word_1_147' title='bbox 886 3715 986 3783; x_wconf 85' lang='lat' dir='ltr'><em>lzalet.</em></span> 
     </span>
    </p>
   </div>
   <div class='ocr_carea' id='block_1_4' title="bbox 0 0 1328 4470">
    <p class='ocr_par' dir='ltr' id='par_1_4' title="bbox 0 0 1328 4470">
     <span class='ocr_line' id='line_1_24' title="bbox 0 0 1328 4470; baseline 0 0"><span class='ocrx_word' id='word_1_148' title='bbox 0 0 1328 4470; x_wconf 95' lang='lat' dir='ltr'><em> </em></span> 
     </span>
    </p>
   </div>
  </div>
 </body>
</html>
