2648 4470
102 378 104 391 Ι
207 306 248 386 96
587 320 689 370 unos
703 317 889 372 socuuous

243 573 272 636 S
273 574 303 636 io
316 594 365 637 me
377 583 459 658 saepe
472 574 576 656 refert
591 576 714 638 incerta
728 573 904 658 Cupidinis
915 593 1010 649 aura,

283 681 428 764 Notaque
438 690 623 765 purpureus
635 680 702 744 tela
716 680 852 744 resumit
864 679 975 744 Amor.
1144 757 1147 760 Α

153 801 190 867 35
244 784 278 847 F
278 786 340 869 egee,
353 796 439 872 puer
449 796 462 852 t
470 788 588 871 positis
602 787 707 851 nudus
720 785 936 870 tiba'praebeor
953 786 1058 850 armis
1073 809 1083 849 .·

283 892 350 956 Hic
364 893 428 956 tibi
438 898 514 955 sunt
526 893 623 968 vires,
641 892 703 956 lonc
716 899 772 956 tua
784 892 900 956 dextra
910 891 997 973 facit
1005 918 1019 968 ,·

244 1001 318 1064 Huc
331 1006 492 1082 tamquam
500 998 607 1083 jussae
620 1000 753 1063 veniunt
760 998 837 1081 jam
850 1004 958 1082 sponte
969 997 1126 1135 sqittoe:

292 1106 352 1170 Vix
366 1106 439 1168 illis
445 1115 520 1188 prae
533 1126 581 1168 me
595 1112 668 1169 nota
675 1105 836 1191 pharetra
849 1125 909 1169 sua
921 1112 984 1172 est.

244 1211 369 1294 Infelix
382 1217 444 1274 tota
459 1212 648 1295 quicumque
659 1213 820 1297 quiescere
833 1218 920 1276 nocte

151 1335 192 1396 40
283 1319 438 1391 Sustinet,
456 1326 490 1382 et
502 1338 623 1381 somnos
631 1319 770 1403 premio
784 1338 902 1402 magno
915 1321 1028 1382 vocat!

244 1425 360 1497 Stulte,
379 1425 462 1508 quid
472 1431 520 1489 est
531 1446 666 1510 somnus!
680 1425 805 1509 gelide
821 1423 891 1487 nisi
901 1422 1014 1486 mortis
1028 1422 1166 1507 imago?

283 1532 394 1615 Longo
408 1531 595 1613 quiescendi
605 1531 827 1615 temporafata
842 1529 973 1595 dabunt.

244 1640 300 1703 Me
313 1637 399 1701 modo
412 1637 574 1721 deco'poant
588 1637 819 1718 vocesfaitaca’s
829 1637 966 1701 amr'coe:
984 1688 990 1703 ,
1024 1712 1026 1718 ¹

83 1810 88 1818 ,
279 1744 446 1828 Sperando
459 1749 545 1806 certe
554 1744 681 1828 gaudia
696 1742 958 1828 magnaferam;
1004 1768 1007 1777 ·

151 1868 190 1932 45
244 1852 291 1915 Et
304 1850 390 1915 modo
404 1849 579 1914 blanditias
593 1850 688 1924 docet,
704 1851 791 1915 modo
798 1849 924 1935 jurgia
942 1854 1066 1925 nectat,·

280 1958 309 2021 S
308 1968 374 2041 ope
376 1960 486 2041 fruar
498 1957 634 2031 domena,
652 1967 735 2042 supe
749 1958 898 2042 repulsus
910 1977 991 2021 eam.

244 2064 338 2146 Quod
349 2064 467 2128 dubim
479 2064 576 2128 Mars
588 2069 646 2137 est,
658 2074 722 2148 per
734 2069 773 2138 te,
788 2063 947 2148 privigne
963 2061 1097 2146 Cupido
1113 2067 1169 2137 est,

283 2170 331 2233 Et
344 2176 444 2234 movet
456 2171 598 2254 exemplo
612 2169 754 2233 vitricus
766 2189 860 2234 arma
873 2174 937 2235 tuo.

249 2277 295 2363 Tu
310 2278 390 2341 levis
404 2298 437 2340 es
451 2277 610 2361 multoque
623 2277 691 2340 tuis
706 2275 866 2365 ventosior
878 2275 954 2350 alis,

153 2401 191 2464 50
284 2382 472 2466 Gaudiaque
484 2383 636 2466 ambigena
649 2382 767 2467 dasque
779 2380 1035 2466 negasquefide;

243 2489 289 2552 Si
297 2496 401 2552 tomen
414 2489 562 2566 exaudis,
574 2489 713 2574 pulchra
726 2510 797 2554 cum
811 2495 922 2564 matre,
941 2492 1116 2572 rogantem

284 2594 449 2660 Indeserta
463 2616 527 2660 meo
534 2604 660 2681 pectore
674 2616 778 2680 regna
788 2615 871 2679 gere
879 2620 893 2670 ,·

245 2703 403 2769 Accedant
417 2723 527 2788 regno,
545 2705 680 2767 nimium
693 2723 779 2786 vaga
792 2702 896 2774 turba,
908 2701 1056 2786 puella:

282 2811 438 2875 Ambobus
445 2810 577 2896 populis
589 2811 637 2874 sio
651 2809 850 2874 venerandus
863 2809 940 2873 eris.
