2648 4470
203 290 243 381 66
579 329 679 380 ussa
699 324 884 379 sscuunvs

246 584 328 652 Cum
341 582 424 646 male
437 603 470 645 se
488 582 594 646 Tellus
608 583 678 646 ulta
691 589 746 657 est,
764 583 953 668 ingestaque
966 581 1106 668 olympo

283 690 399 754 Ardua
413 690 568 753 devexum
582 688 700 750 Pelion
715 688 797 752 Ossa
811 687 899 751 tulit.
1079 695 1081 706 '

156 816 189 881 15
244 798 283 861 ln
297 797 442 860 manebus
456 795 575 859 nimbos
587 801 620 858 et
632 814 703 885 aum
716 794 801 873 Jove
803 795 936 875 fiolmen
951 794 1109 867 habebam,

284 903 378 985 Quod
388 902 462 965 bene
469 912 531 985 pro
544 900 620 965 coelo
633 900 777 963 mitteret
791 901 849 964 ille
860 915 939 964 suo':

244 1010 375 1073 Clausit
387 1007 598 1086 amicafores.
615 1006 649 1069 E
645 1027 689 1090 go
703 1028 773 1069 cum
789 1008 873 1086 Jove
875 1008 1008 1089 fulmen
1021 1007 1138 1082 omisi,·

283 1115 423 1179 Excidit
435 1116 565 1199 ingemo
578 1115 738 1197 Juppiter
751 1115 817 1198 ipse
830 1135 903 1178 meo.

242 1225 407 1307 Juppiter,
427 1223 572 1306 ignoscas
586 1243 596 1283 .·
612 1221 662 1284 nil
675 1241 723 1283 me
736 1228 793 1284 tuo
805 1219 869 1283 telo
877 1221 1063 1304 juvabonl,·

152 1349 191 1394 20
283 1329 311 1392 C
312 1329 405 1391 lousa
417 1335 470 1391 tuo
483 1326 835 1411 mayusjanuafiolmen
849 1327 952 1393 babet.

243 1433 435 1499 Blanditias
447 1433 611 1517 elegosque
624 1434 716 1509 leues,
734 1455 802 1497 meo
815 1434 888 1508 tela,
907 1434 1092 1519 resumpsi:

283 1540 476 1603 Mollierunt
488 1538 588 1602 duras
601 1538 689 1603 lenta
702 1540 906 1622 uerbafmes.

244 1647 400 1711 Carmina
414 1644 600 1729 sanguinea·
611 1645 770 1710 deducunt
779 1666 898 1711 cornua
913 1642 1007 1722 lune,

280 1752 328 1816 Et
341 1755 486 1815 reuocant
499 1750 604 1814 niueos
616 1751 706 1814 Solis
718 1754 826 1817 euntes
842 1774 957 1836 equos,·

153 1881 170 1925 2
173 1878 190 1942 5
248 1859 400 1924 Carmine
413 1856 584 1920 dissiliunt
595 1857 743 1940 abruptis
745 1858 900 1938 foeucibus
912 1880 1045 1944 angues,
1107 1894 1109 1899 ·

282 1966 381 2048 Inque
393 1984 465 2027 suos
473 1963 577 2044 fontes
590 1983 684 2025 uersa
698 1966 844 2028 recurrit
856 1986 939 2048 aqua
950 1989 960 2044 ;

248 2070 454 2136 Carminibus
465 2071 690 2148 cesserefores,
710 2071 894 2154 insertaque
905 2073 998 2154 posti,

284 2176 440 2258 Quamuis
454 2176 551 2238 robur
563 2183 643 2250 erat,
657 2179 798 2240 carmine
812 2179 898 2242 ut'ata
911 2199 986 2242 sera
995 2184 1056 2242 est.

246 2281 336 2364 Quid
347 2280 600 2364 milu'prq‘uerit
612 2283 703 2346 uelox
716 2290 861 2347 conlatus
873 2283 1050 2348 Achilles?

154 2409 192 2472 30
285 2387 376 2469 Quid
382 2398 443 2470 pro
456 2408 504 2449 me
516 2388 651 2451 Atrides
664 2389 750 2452 alter
762 2397 794 2453 et
806 2391 893 2452 alter
901 2384 1015 2473 agant,

244 2483 368 2576 Quique
382 2499 426 2568 tot
438 2494 580 2557 errando
589 2501 663 2577 quot
676 2496 756 2559 bello
767 2496 915 2576 perdidit
927 2506 1035 2570 ann'os,

269 2600 409 2685 Raptus
421 2607 452 2664 et
465 2600 643 2664 Haemoniis
647 2600 775 2684 flebilis
787 2602 908 2666 Hector
925 2602 1040 2686 equiti

248 2705 292 2770 Ut
301 2705 403 2782 facies
415 2713 533 2770 tenere
546 2707 679 2769 laudata
692 2714 741 2770 est
753 2717 834 2791 sepe
841 2709 972 2793 puella,

283 2812 340 2878 Aa
351 2818 460 2885 uatem,
473 2813 617 2896 pretium
630 2814 794 2888 cormn'nn's,
813 2816 884 2897 ipsa
897 2816 997 2878 uenit.

153 2937 191 3002 35
225 2929 229 2936 '
243 2918 369 3002 Magna
382 2919 483 2983 datur
495 2939 613 2982 merces
622 2924 637 2983 l
649 2921 792 2984 Heroum
805 2921 895 2985 claro
910 2923 1013 2985 valete

283 3025 424 3088 Nomina
438 3048 448 3090 :
464 3045 524 3088 non
536 3031 611 3108 apto
622 3033 671 3088 est
680 3029 797 3109 gralia
812 3034 918 3091 uestra
932 3027 1026 3092 milei.
1141 3044 1146 3050 ·

245 3129 301 3196 Ad
312 3132 542 3212 meaformosos
555 3132 665 3195 uultus
678 3132 829 3208 adhibete,
842 3135 973 3218 puellos,
1010 3173 1012 3176 -

183 3284 186 3289 -
284 3236 448 3312 Carmena,
461 3247 733 3322 purpureusque
746 3239 832 3303 milu‘
842 3239 944 3305 dietat
958 3238 1085 3304 Amor!
