2648 4470
620 305 721 359 LIBER
735 306 885 360 TERTIUS

361 1430 430 1482 URE
445 1417 509 1490 uir,
529 1418 672 1501 imposita
685 1424 802 1481 teneree
815 1417 940 1481 custode
947 1417 1070 1501 puellae

223 1422 360 1703 Q
378 1524 444 1588 Nil
455 1525 531 1608 agis
545 1551 556 1588 .·
572 1526 702 1608 ingenia
715 1530 763 1587 est
775 1545 907 1609 quaque
920 1523 1039 1587 tuenda
1052 1544 1119 1589 sua.

359 1631 403 1694 Si
417 1652 479 1715 qua
493 1637 576 1693 metu
590 1631 711 1715 dempta
723 1637 811 1695 casta
824 1638 884 1708 est,
900 1652 937 1695 ea
950 1631 1087 1716 denique
1104 1637 1195 1696 casta
1209 1638 1283 1708 est;

300 1740 388 1821 Qun,
407 1739 484 1820 quia
499 1759 558 1800 nan
573 1739 675 1810 liceat,
695 1738 858 1820 nonfacit,
879 1731 1044 1820 iilafacit.
1112 1775 1113 1778 =

187 1865 205 1928 5
264 1848 305 1910 Ut
310 1847 387 1930 jam
401 1845 548 1908 servaris
561 1845 635 1909 bene
647 1854 771 1931 carpus,
786 1845 937 1908 adultera
951 1865 1039 1908 mens
1051 1853 1108 1921 est,

298 1954 367 2017 Nec
380 1952 544 2026 custodiri,
563 1953 604 2014 ni
614 1953 702 2025 uelit,
723 1952 784 2015 illa
793 1958 920 2035 potest,-

258 2061 328 2123 Nec
341 2071 453 2143 carpus
465 2079 598 2123 seruare
605 2067 703 2143 potes,
723 2060 796 2123 licet
809 2060 914 2123 amnia
927 2061 1062 2125 claudas
1076 2079 1087 2124 :

302 2167 458 2231 Omnibus
471 2167 609 2229 exclusis
624 2167 712 2229 intus
724 2167 858 2230 adulter
870 2168 947 2232 erit.

261 2274 289 2336 C
291 2275 331 2335 ui
333 2283 466 2356 peccare
480 2274 495 2334 l
497 2273 566 2345 icet,
578 2279 688 2356 peccat
701 2274 808 2335 minus
822 2300 832 2338 .·
849 2275 919 2357 ipsa
928 2280 1067 2358 potestas

172 2401 208 2444 10
299 2380 432 2443 Semina
447 2380 602 2461 nequitie
616 2379 931 2463 langucbabrafhcit.

261 2487 389 2560 Desine,
408 2487 501 2550 crede
515 2487 604 2561 mibi,
622 2488 705 2550 uc'tia
721 2488 863 2551 irritare
877 2487 1034 2552 uetando:

303 2594 457 2677 Obsequio
471 2595 579 2656 vinces
592 2595 699 2677 aptius
713 2595 773 2656 illa
788 2602 849 2658 tua.

269 2703 347 2767 Vidi
356 2722 414 2784 ega
428 2711 530 2784 nuper
543 2721 657 2782 equum
671 2708 782 2764 contra
796 2723 855 2765 sua
870 2702 976 2765 uincla
990 2709 1131 2765 tenacem

303 2808 370 2872 Ore
384 2808 561 2871 reluctanti
560 2806 723 2888 fulminis
738 2809 788 2870 ire
801 2809 910 2883 m0d0,·

172 2931 206 2995 15
263 2916 424 2987 Constitit,
443 2921 479 2977 ut
489 2914 632 2999 primum
646 2934 801 2977 concessas
814 2916 916 2978 sensit
928 2916 1076 2992 habenas,

299 3023 472 3105 Frenaque
487 3022 520 3082 in
535 3021 635 3104 effusa
649 3021 727 3084 lana
734 3020 851 3104 jacere
856 3021 949 3105 juba.
1069 3038 1074 3046 ·

259 3128 414 3196 Nitimur
429 3127 462 3189 in
478 3127 611 3190 uetitum
624 3137 746 3211 semper
759 3129 963 3211 cupimusque
977 3134 1096 3211 negata
1111 3153 1123 3192 .·

299 3234 358 3297 Sic
373 3233 557 3297 interdictis
573 3235 718 3297 imminet
731 3255 822 3320 eeger
834 3236 936 3317 aquis.

264 3342 396 3405 Centum
401 3341 515 3422 fronte
529 3341 642 3413 aculus,
659 3349 783 3404 centum
797 3338 920 3406 ceruice
929 3340 1067 3424 gerebat

168 3466 208 3512 20
299 3448 416 3531 Argus
432 3470 441 3509 .·
455 3455 488 3510 et
501 3448 555 3510 bas
569 3469 651 3510 unus
664 3458 746 3532 sepe
749 3448 878 3531 fefellit
892 3448 993 3510 Amor
1001 3474 1014 3523 ,-

259 3555 297 3616 In
312 3554 486 3617 tbalamum
502 3554 719 3636 Danaeferra
732 3575 865 3636 saxaque
873 3565 1046 3638 perennem

300 3660 614 3745 Queefueratuirga
627 3661 761 3736 tradita,
781 3667 883 3725 mater
895 3669 967 3725 erat
980 3682 991 3725 .·
