2648 4470
138 301 177 368 7²
512 295 611 347 ιιιιειι
628 292 814 347 secessus
1133 279 1169 362 [ιι
1226 318 1228 323 -

137 404 1194 443 -—-—-———————-———·-·‘⁴

176 551 243 614 Seu
256 556 346 632 tepet,
366 547 521 611 indicium
534 568 663 612 securas
670 547 787 632 perdis
799 548 843 611 ad
855 566 952 611 aures
960 572 975 623 ,·

215 657 243 720 S
245 658 295 719 ive
308 661 402 729 amat,
421 655 519 738 officio
524 655 572 739 fit
585 657 684 718 miser
698 656 757 717 ille
770 661 832 718 tua.

86 778 123 844 55
177 764 281 847 Culpa
295 783 350 843 nec
363 783 402 824 ex
404 761 496 843 facil
498 762 514 824 i
523 761 671 844 quamuis
683 761 854 840 manifesta
863 760 1021 846 probatur
1031 783 1048 826 :1

217 867 354 948 Jndicis
369 867 429 930 illa
441 867 498 929 sni
508 867 702 949 tutafauare
716 868 813 932 venc't.

185 974 311 1040 Viderit
325 975 390 1058 ipse
404 973 488 1048 licet,
506 973 614 1037 credet
627 981 732 1036 tamen
747 974 805 1037 ille
818 975 962 1058 neganti,

217 1080 450 1164 Damnabitque
463 1082 564 1143 oculos
577 1086 610 1143 et
622 1081 690 1144 sibi
698 1080 793 1143 verba
806 1080 907 1145 dabit.

177 1187 346 1271 Adspiciat
359 1187 494 1249 dominu
507 1187 667 1259 lacrimas,
680 1186 823 1271 plorabit
835 1192 866 1250 et
880 1187 955 1271 ipse,

86 1295 127 1357 60
218 1295 266 1357 Et
279 1293 381 1356 dicet:
396 1313 414 1355 «
427 1293 546 1355 Poenas
555 1293 719 1376 garrulus
735 1291 795 1355 iste
807 1293 920 1358 dabit!
935 1313 953 1354 u

181 1400 271 1480 Quid
282 1399 396 1481 dispar
409 1404 564 1461 certamen
580 1399 645 1460 inis
659 1401 676 1462 l
689 1398 752 1461 tibi
763 1399 896 1462 uerbera
912 1399 993 1463 uicto
1078 1392 1087 1405 “

218 1506 352 1577 Adsunt,
374 1507 407 1568 iu
417 1507 545 1588 gremia
551 1505 678 1588 judicis
693 1506 753 1568 illa
767 1505 866 1576 sedet.

180 1614 254 1677 Non
267 1613 369 1676 scelus
382 1612 608 1696 aggredimur,
628 1632 686 1674 nau
701 1611 745 1674 ad
757 1612 918 1677 miscenda
931 1613 1052 1677 coruus

223 1719 348 1791 Toxica,
367 1740 426 1781 nan
439 1719 549 1782 stricta
552 1719 715 1800 fulminat
727 1739 799 1781 ense
813 1739 948 1794 manus;

88 1829 126 1908 65
181 1826 367 1907 Querimus
380 1832 417 1889 ut
429 1832 495 1888 luto
503 1835 565 1910 per
578 1831 608 1887 te
616 1825 776 1910 passimus
787 1845 898 1889 amare
913 1847 924 1890 .·

221 1933 312 2015 Quid
321 1933 468 2017 precibus
481 1932 603 1996 nastris
616 1931 745 1996 mallius
757 1952 823 1996 esse
831 1937 934 2015 potest
945 1934 964 1997 l

152 2900 320 3166 ᾔει
336 2893 424 2967 mr'lci,
442 2891 527 2976 quad
537 2891 696 2956 dominam
711 2899 772 2954 'uec
791 2891 847 2953 uir
866 2890 1056 2975 uecfeneina
1073 2882 1232 2958 senff

306 3002 423 3063 Mutua
438 3020 493 3063 nec
513 2999 642 3063 Veneris
650 2998 778 3080 gaudia
793 3018 880 3062 nosse
889 3004 1000 3093 potes!
1016 3023 1023 3033 ’

288 3106 358 3186 Qui
365 3106 493 3189 primus
502 3105 616 3190 pueris
625 3104 787 3189 genitalia
802 3103 939 3168 mambra
954 3104 1084 3179 recidit,

235 3213 373 3276 Vulnera
386 3234 458 3296 que
467 3212 556 3289 fecit,
573 3210 682 3274 debuit
697 3211 762 3294 ipse
771 3211 853 3294 pati.

117 3335 134 3399 5
189 3319 303 3382 Mollis
318 3320 352 3381 in
367 3319 542 3403 obsequium
546 3318 727 3401 facilisque
742 3315 927 3400 rogantibus
940 3337 1036 3392 esses,

226 3425 272 3489 Si
282 3432 356 3489 tuus
370 3426 404 3487 iu
418 3427 534 3508 quavis
541 3424 767 3509 praetepuisset
779 3444 877 3486 amor.

188 3533 263 3596 Non
277 3539 314 3595 tu
328 3538 424 3596 uatus
436 3552 521 3615 equa,
539 3530 749 3610 ncnfctrtibus
764 3530 861 3592 utilis
873 3530 985 3606 armis,

228 3638 355 3702 Bellica
369 3659 428 3701 nau
442 3636 566 3702 deutra
578 3637 722 3699 conuenit
734 3636 824 3699 hasta
837 3641 901 3698 tuce
910 3660 923 3709 ,·
