2648 4470
157 332 198 399 70
532 326 633 377 monn
652 324 838 378 sscusoas

198 583 227 644 S
228 583 243 644 i
241 582 347 663 faciet
360 581 460 654 tarde,
480 601 518 642 ue
531 586 561 642 te
575 601 663 643 mora
677 581 774 664 longa
778 581 913 665 fatiget,

238 687 386 770 imposita
396 687 525 768 gremio
538 692 675 749 stertere
679 686 795 767 fronte
804 693 903 770 potes.

108 809 145 873 25
200 795 268 856 Nec
281 799 316 854 tu
330 793 508 875 linigeram
514 792 602 876 fieri
612 792 691 875 quid
699 793 803 876 possit
815 792 859 856 ad
871 792 949 854 Isim

241 899 426 980 Quaesz'en's
446 919 501 961 uec
513 906 550 960 tu
564 920 663 962 curua
678 899 805 962 theatro
820 899 918 963 time!

204 1006 356 1071 Conscius
368 1005 513 1068 assiduos
526 1006 685 1068 commissi
695 1007 785 1067 tollet
802 1006 932 1068 honores
947 1025 957 1068 :

242 1112 325 1192 Quis
339 1112 444 1174 minor
456 1117 503 1173 est
515 1119 619 1174 autem
634 1133 728 1193 quom
742 1111 880 1173 tacuisse
894 1110 1013 1175 labor?

201 1219 262 1282 llle
272 1219 377 1301 placet
390 1223 558 1300 versatque
571 1216 694 1302 domum
709 1238 807 1299 neque
821 1217 953 1280 uerbera
967 1217 1067 1280 sentit
1082 1244 1092 1280 :

110 1344 148 1406 30
241 1324 301 1386 llle
309 1331 442 1407 potens,·
457 1324 529 1396 alii,
546 1323 677 1386 sordida
696 1325 800 1397 turba,
814 1323 940 1406 jacent.

204 1431 297 1503 Huic,
317 1449 403 1493 uera
417 1435 451 1490 ut
465 1429 586 1492 lateant
599 1451 708 1503 causae,
718 1429 901 1513 finguntur
915 1431 1035 1504 inanes,
1056 1433 1062 1443 '

242 1537 346 1619 Atque
358 1535 445 1598 amba
458 1535 587 1611 domiui,
605 1537 688 1620 quod
695 1537 810 1620 probat
827 1556 900 1613 nuo,
912 1536 1063 1620 probant.

205 1644 286 1708 Cum
300 1643 373 1707 bene
387 1643 443 1706 uir
455 1644 563 1706 traxit
576 1634 700 1705 auitum
715 1662 879 1726 rugasque
892 1643 1003 1725 coegit,

245 1750 339 1830 Quod
350 1749 544 1834 uoluitfleri
558 1750 676 1813 blanda
683 1750 899 1833 puellosacit.

113 1871 150 1939 35
204 1857 273 1921 Sed
283 1863 387 1920 tamen
403 1856 565 1920 interdum
579 1862 679 1920 tecum
694 1877 813 1940 quoqne
820 1855 947 1942 jurgia
960 1850 1084 1932 nectat,

245 1963 294 2028 Et
305 1964 436 2028 simulet
449 1966 607 2035 lacrimas,
626 1963 870 2046 carucficemque
883 1969 990 2039 vocet,·

211 2070 242 2133 T
237 2092 257 2132 u
270 2077 389 2145 contra,
408 2071 557 2154 objiciens
570 2088 641 2153 queo
654 2077 722 2133 tuto
736 2069 842 2133 diluat
857 2069 923 2143 illa,

246 2178 285 2240 ln
300 2176 506 2260 uerumsalso
518 2177 655 2241 crimme
668 2176 874 2259 damefidem.

207 2283 266 2347 Sic
279 2284 341 2346 tibi
351 2294 474 2367 semper
487 2284 589 2356 hanes,
607 2285 656 2347 sic
668 2285 734 2347 otta
744 2283 870 2368 peculio
883 2289 1024 2346 crescent
1035 2308 1047 2358 ,·

117 2407 156 2468 40
248 2388 393 2469 Heecfoc
408 2411 418 2454 .·
435 2390 468 2456 iu
483 2391 600 2474 exiguo
613 2397 749 2474 tempore
763 2389 938 2455 libereris.

210 2497 361 2581 Adspicis
374 2498 534 2560 indicibus
547 2518 645 2560 uenas
652 2508 716 2581 per
728 2498 807 2560 oolla
821 2503 947 2559 catenas
955 2521 967 2569 ,·

249 2603 429 2690 Squalidus
439 2606 514 2669 orba
519 2605 592 2688 fide
600 2611 728 2688 pectora
741 2624 850 2666 carcer
864 2601 957 2666 habet
964 2627 978 2678 ,·

212 2711 341 2794 Quarit
354 2731 454 2793 aquas
469 2714 502 2773 in
517 2712 612 2795 aquis
624 2719 657 2774 et
666 2709 908 2795 pomafugacia·
919 2716 1027 2792 captat

255 2818 286 2881 T
280 2819 408 2882 autalus
422 2846 432 2882 .·
448 2819 502 2882 hoc
517 2819 725 2902 illigarrula
741 2818 856 2901 lingua
870 2815 960 2879 dedit
968 2841 981 2890 ,·

119 2939 157 3004 45
211 2925 298 2988 Dum
313 2927 448 2989 uimium
462 2933 572 2988 seruat
586 2934 688 2988 custos
704 2925 867 3004 Juno'm‘us
882 2923 945 2996 lon,

250 3034 334 3096 Ante
348 3054 419 3095 suos
433 3054 531 3095 annos
545 3032 667 3102 occidit,
688 3032 748 3093 illa
763 3030 819 3093 dea
834 3036 892 3093 est.

219 3138 297 3202 Vidi
308 3159 365 3222 ego
378 3139 572 3223 compedibus
587 3138 720 3201 tenentia
734 3158 832 3199 crura
843 3142 1020 3220 gerentem,

255 3245 345 3310 Unde
359 3246 414 3308 uir
429 3248 580 3310 incestum
594 3245 679 3307 scire
693 3251 816 3306 coactus
828 3250 901 3306 erat
910 3268 923 3319 ,·

213 3354 314 3416 Paua
328 3354 432 3424 minor
446 3353 559 3415 merito
570 3373 580 3415 .·
596 3351 701 3414 nocuit
716 3355 799 3412 mala
814 3351 929 3433 longua
943 3349 1062 3412 dnobus
1072 3375 1084 3428 ,·

123 3475 160 3533 50
261 3459 321 3522 Vir
334 3460 444 3533 doluit,
453 3459 558 3541 famae
572 3459 687 3521 damna
699 3458 808 3542 puello
823 3457 911 3519 tulit.

215 3565 318 3628 Crede
332 3566 422 3639 mihi,
441 3567 528 3629 nulli
538 3573 613 3628 suut
626 3565 765 3628 crimino
776 3568 878 3646 grata
893 3562 1017 3631 marito,

252 3675 321 3736 Nec
334 3694 524 3756 quemquam,
543 3671 689 3756 quamuis
703 3671 826 3745 audiat,
845 3669 906 3732 illa
912 3668 1034 3750 juvant
1050 3689 1060 3731 :
