2648 4470
153 340 192 409 74
528 334 831 393 ussnssscmsnus

189 593 257 658 Ista
271 613 376 656 mares
388 598 533 667 tractent,
551 600 587 656 tu
600 605 670 678 spes
683 593 799 680 de'pane
812 590 930 660 aa‘re'les
945 618 955 662 :

101 721 136 764 10
227 699 314 762 Sunt
327 700 393 762 ta'ba'
402 720 471 763 cum
486 700 614 764 domina
627 698 872 787 se'gnaferenda
887 709 955 768 tua.

189 804 284 869 Hauc
297 806 391 890 imple
405 806 540 880 meritis,
559 808 661 889 hujus
675 807 740 871 te‘ba'
746 802 864 894 gratia
874 804 983 892 presit
991 835 1006 885 ,·

227 912 255 975 S
257 913 273 975 τ’
282 933 392 976 careas
406 913 476 986 illa,
494 914 569 996 que‘s
582 920 656 976 tuus
671 935 747 977 usus
760 913 856 976 ere't't

188 1020 253 1084 Est
264 1018 481 1101 etramface'es,
499 1025 574 1082 sunt
586 1021 658 1105 apti
668 1020 793 1084 lusibus
804 1021 905 1084 anni:

228 1126 370 1210 Indigna
384 1131 432 1189 est
443 1122 656 1210 pa'grosarma
665 1127 780 1210 perire
793 1121 870 1191 situ.

102 1253 112 1295 ι
119 1249 137 1314 5
190 1232 321 1298 Fallere
334 1237 364 1294 te
374 1233 483 1315 patuit,
501 1233 648 1317 quamuis
661 1232 795 1296 habeare
806 1234 979 1298 molestus:

228 1341 301 1403 Nau
315 1346 403 1429 caret
416 1340 535 1423 effectu,
553 1340 635 1424 quad
648 1342 776 1404 voluere
789 1334 859 1404 duo.

191 1446 308 1529 Aptius
322 1446 476 1528 utfuerz’t
486 1447 634 1531 precibus
648 1454 795 1534 tentasse,
814 1466 974 1533 rogamus,
1025 1482 1027 1487 ·

230 1553 317 1615 Dum
331 1554 407 1617 bene
416 1554 557 1637 pauendi
567 1575 700 1618 munera
713 1562 836 1640 tempus
849 1554 951 1620 habes.

294 2526 343 2578 οΝ
357 2536 414 2600 ega
429 2515 584 2578 mendosas
596 2515 700 2578 ausim
716 2515 884 2596 defendere
898 2535 1007 2589 mares,

154 2512 291 2799 {Q}
313 2621 473 2705 Falsaque
483 2632 543 2706 pra
557 2623 651 2684 vitiis
664 2642 756 2684 arma
770 2642 892 2684 movere
906 2623 994 2684 meis.

297 2730 462 2815 Confiteor,
480 2730 515 2791 se'
525 2729 607 2810 quid
612 2729 745 2813 prodest
758 2728 875 2792 delicta
878 2728 993 2809 fateri
998 2753 1011 2802 ,·

228 2839 266 2902 Iu
281 2859 348 2900 mea
363 2857 445 2899 nuuc
459 2835 584 2898 demens
597 2836 737 2898 crimina
741 2834 858 2917 fassus
871 2854 914 2899 eo.

117 2960 135 3025 5
192 2945 265 3017 Odi,
286 2967 340 3009 uec
347 2954 477 3028 possum
491 2943 620 3026 cupreus
634 2962 694 3004 nou
708 2940 869 3024 essequod
881 2939 960 3004 odi.-

228 3052 324 3117 Heu!
337 3071 430 3134 quam
444 3070 514 3132 qua
525 3048 655 3113 studeas
665 3048 885 3136 pauereferre
894 3067 1003 3131 graue
1015 3050 1086 3111 est!

188 3161 274 3223 Nam
288 3158 404 3221 desunt
418 3156 506 3218 uires
520 3155 564 3218 ad
576 3176 624 3217 me
638 3155 723 3217 ma'lu'
725 3154 844 3240 jusque
859 3150 1036 3238 regendum
1046 3178 1060 3228 ,·

228 3265 371 3347 Auferor
385 3269 421 3325 ut
435 3261 550 3348 raptata
564 3261 683 3324 conce'ta
693 3261 811 3345 puppis
824 3281 918 3343 aqua.
1010 3312 1014 3321 .

188 3375 261 3436 Nou
274 3379 322 3435 est
336 3374 421 3433 certa
435 3389 516 3431 meos
528 3367 715 3451 quaefhrma
730 3366 845 3429 e‘uuz'tet
859 3386 982 3429 amares
991 3391 1005 3441 ,-

100 3497 136 3543 10
225 3456 362 3541 ¹Centum
376 3482 452 3538 sunt
465 3496 568 3539 aausae
581 3495 640 3537 cur
653 3493 710 3556 ego
724 3485 847 3557 semper
859 3493 971 3538 amem.

188 3585 216 3648 S
217 3586 268 3648 e‘ue
280 3584 392 3668 aliqua
406 3589 453 3646 est
465 3583 567 3646 oculos
581 3581 614 3643 iu
628 3601 660 3643 se
675 3580 799 3663 dejecta
813 3579 973 3652 modestas,

233 3691 328 3768 Uror,
344 3697 376 3754 et
391 3688 521 3753 insidia
534 3693 610 3750 snut
619 3686 725 3774 pudor
740 3688 796 3750 ille
810 3706 887 3751 meu
896 3712 910 3761 ,-
