2648 4470
171 343 226 423 196
506 311 507 316 ¹
562 349 663 403 usse
679 348 828 403 messus

209 609 318 692 Ignoto
333 609 492 670 meretrix
505 616 617 690 corpus
624 607 782 690 junctura
801 608 933 688 Quiriti

117 743 153 786 10
250 714 398 798 Opposita
407 715 559 799 populum
573 713 733 777 submovet
745 722 820 777 ante
833 735 906 778 sera
922 736 932 778 :

212 822 242 883 T
238 842 258 882 u
272 827 327 883 tua
335 822 513 904 prostitues
516 819 621 900 famce
628 826 756 904 peccata
768 820 922 894 sinistre,

247 927 419 990 Commissi
423 937 565 1012 perages
580 918 798 1009 indiciumque
812 927 889 991 tuit

204 1033 233 1096 S
234 1035 260 1098 it
273 1034 338 1098 tobi
349 1053 435 1097 mens
448 1034 569 1106 melior,
587 1035 742 1097 saltemve
757 1034 887 1097 imitare
895 1034 1042 1117 pudicas,

248 1143 351 1225 Teque
359 1142 500 1225 probam,
518 1140 664 1224 quamvis
679 1159 737 1202 nou
752 1141 830 1217 eris,
847 1160 913 1203 esse
922 1146 1030 1223 putem
1045 1149 1057 1204 t

117 1273 150 1336 ¹5
205 1227 392 1329 Quaeficzs,
408 1248 472 1311 buc
475 1247 583 1330 facito
592 1271 604 1320 ,·
619 1246 869 1327 tantumfecisse
883 1252 1003 1330 negato,

50 1341 53 1350 ¹
242 1355 312 1418 Nec
320 1354 441 1438 pudeat
453 1374 558 1417 coram
572 1351 668 1415 verba
682 1352 819 1438 modesta
837 1354 945 1436 loqui!

204 1461 268 1524 Est
281 1461 341 1544 qui
351 1459 528 1542 nequitiam
543 1460 629 1522 locus
641 1459 754 1541 exigat
768 1479 779 1521 :
793 1459 935 1521 omnebus
949 1459 1042 1521 illum

244 1565 384 1628 Deliciis
399 1565 504 1648 imple,
522 1571 585 1627 stet
593 1565 708 1648 procul
722 1563 797 1625 inde
808 1564 915 1647 pu'dor
930 1571 944 1628 t

162 1689 165 1695 ·
205 1671 293 1735 Hinc
306 1671 407 1734 simul
420 1671 553 1748 exieris,
570 1672 707 1734 lascinia
716 1673 867 1755 protinus
881 1673 983 1734 omnis

113 1805 151 1850 20
228 1777 346 1854 Absit,
362 1784 393 1841 et
406 1779 440 1840 iu
455 1778 532 1842 lecto
544 1779 684 1841 cra’miua
696 1789 776 1862 pone
790 1786 865 1842 tuo!

203 1883 280 1947 Illic
293 1905 347 1948 nec
361 1884 502 1947 tunicam
516 1884 582 1947 tibi
592 1885 639 1946 sit
646 1886 790 1969 posuisse
798 1885 928 1968 pudori,

241 1992 311 2055 Nec
314 1990 442 2071 femori
454 1991 633 2074 impositum
647 1991 841 2054 sustinuisse
844 1991 962 2072 semim
975 2017 987 2062 ,-

203 2098 280 2171 lllic
288 2097 468 2182 purpureis
481 2098 637 2161 condatur
653 2098 771 2180 lingua
786 2097 919 2170 labellis,

243 2205 343 2286 Inque
358 2204 460 2267 modos
482 2204 630 2267 Venerem
645 2193 871 2287 millefiguret
883 2223 973 2281 amor
982 2229 995 2278 ,-

112 2335 129 2380 2
133 2335 150 2397 5
204 2311 280 2375 Illic
293 2332 348 2374 uec
362 2331 448 2374 voces
461 2331 516 2374 nec
530 2311 626 2374 verba
634 2310 793 2393 juvantia
806 2316 937 2383 cessent,
949 2293 953 2300 ⁵
1023 2306 1026 2312 “

243 2417 432 2501 Spondaque
447 2418 567 2479 lasciva
582 2417 758 2481 mobilitate
772 2421 912 2480 tremat!

204 2523 305 2588 ludue
317 2545 387 2587 cum
401 2523 523 2587 tunicis
538 2529 723 2586 metuentem
738 2522 877 2586 crimina
891 2523 1026 2593 vultum,

244 2631 292 2694 Et
300 2630 409 2713 pudor
421 2629 581 2693 obscenum
594 2630 775 2714 diffiteatur
789 2639 874 2712 opus.

206 2738 260 2802 Da
271 2738 393 2820 populo,
409 2736 451 2799 da
465 2735 560 2800 verba
575 2737 660 2799 milei
667 2758 679 2813 ;
693 2737 764 2799 siue
778 2736 902 2798 nescius
916 2755 1030 2807 errem,

113 2869 152 2933 30
243 2844 293 2908 Et
307 2844 399 2906 liceat
411 2844 514 2906 stulta
529 2842 718 2905 credulitate
721 2841 831 2923 fruit

205 2949 232 3012 C
235 2970 277 3011 ur
289 2949 402 3012 totiens
417 2949 507 3012 video
520 2949 613 3012 mitti
626 2949 789 3031 recipique
804 2947 963 3011 tabellas?

247 3058 317 3121 Cur
323 3066 458 3140 pressus
464 3057 562 3139 prior
574 3061 620 3119 est
635 3056 833 3138 interiorque
846 3062 937 3117 torus
952 3062 966 3118 l

205 3163 276 3227 Cur
283 3165 360 3246 plus
373 3185 467 3246 quam
480 3184 584 3228 somno
597 3163 741 3227 turbatos
758 3182 824 3226 esse
839 3160 981 3246 capillos,

245 3271 396 3354 Collaque
408 3270 562 3354 conspicio
576 3270 681 3333 dentis
695 3269 809 3332 babere
823 3275 926 3331 uotam
941 3276 955 3332 t

115 3399 152 3464 35
209 3376 240 3440 T
233 3382 342 3439 autum
357 3397 417 3439 nou
431 3378 530 3441 oculos
544 3378 665 3440 crimen
680 3375 810 3439 deducis
823 3375 868 3437 ad
881 3375 982 3458 ipsos‚·
1004 3374 1006 3379 ’

242 3481 271 3544 S
272 3483 288 3544 i
299 3483 425 3546 dubitas
427 3485 534 3566 famce
541 3494 684 3568 parcere,
699 3493 798 3566 parce
811 3480 915 3544 milei!
971 3517 973 3520 ·

160 3582 163 3591 ’
205 3591 299 3652 Mens
312 3590 379 3653 abit
392 3595 423 3652 et
435 3591 563 3662 morior,
581 3589 724 3673 quotiens
733 3599 877 3672 peccasse
879 3587 1018 3668 fateris,

243 3699 372 3781 Perque
385 3718 467 3759 meos
481 3704 574 3762 artus
577 3696 719 3780 friqc'da
729 3693 929 3779 guttafluit.
