2648 4470
214 338 269 390 roo
589 333 890 391 usnunsucuunus
1209 328 1296 411 [z

210 462 1296 495 F———n--ffl

247 594 439 677 Sufficiam:
449 595 603 678 graciles,
623 615 682 658 uon
696 600 772 657 sunt
784 596 854 658 sine
868 595 996 659 uiribus
1009 600 1105 658 artas
1113 620 1125 670 ,-

285 700 441 772 Pondere,
461 723 520 764 non
535 703 654 774 nervos,
673 710 802 785 corpora
816 707 926 766 nostra
938 708 1062 768 carent.

154 824 192 889 25
246 808 295 871 Et
310 809 411 871 lateri
421 809 510 872 dabit
523 808 557 871 in
572 810 661 871 vires
674 808 827 871 alimenta
843 809 1006 893 uoluptas:

283 914 422 999 Decepta
435 921 481 977 est
495 924 588 997 opera
602 914 692 977 nulla
700 915 814 998 puella
828 934 918 991 mea;

245 1021 273 1083 S
272 1031 337 1105 cepe
350 1043 409 1104 ego
422 1022 542 1085 lasciue
555 1022 734 1106 consumpsi
744 1029 884 1106 tempora
898 1023 1007 1097 noctis,

288 1128 389 1190 Utilis
401 1128 530 1211 etfisrti
539 1137 666 1210 corpore
680 1129 846 1210 mancfui.

244 1234 346 1299 Felix
358 1255 447 1318 quem
470 1235 600 1298 Veneris
613 1235 789 1299 certamina
804 1240 912 1297 mutua
920 1232 1089 1318 perdunt!

153 1358 193 1423 30
284 1341 478 1423 Difaciant,
498 1341 558 1404 leti
567 1363 661 1405 causa
675 1343 720 1404 sit
734 1341 799 1405 ista
812 1341 901 1405 mei!

245 1447 364 1511 Induat
377 1447 525 1510 aduersis
537 1448 701 1510 contraria
711 1453 838 1531 pectora
849 1448 924 1511 telis

285 1554 393 1627 Miles,
411 1559 610 1617 claternam
623 1555 782 1638 sangnine
796 1574 904 1618 nomeu
919 1559 1001 1617 emat
1009 1579 1023 1629 ,·

247 1660 383 1740 Quoerat
395 1681 516 1723 auarus
529 1669 607 1744 opes,
626 1667 663 1733 et,
676 1681 746 1745 queo
759 1661 894 1724 lassarit
907 1660 1038 1735 arando,

284 1767 433 1850 AEqaora
441 1766 577 1851 perjuro
592 1767 775 1852 naufragus
788 1788 841 1830 ore
855 1766 964 1842 belot,-

154 1888 192 1955 35
244 1874 292 1938 At
305 1873 390 1936 milzi
398 1874 566 1958 contingat
587 1872 718 1937 Veneris
731 1875 936 1957 languescere
950 1879 1046 1947 motu,

285 1980 312 2042 C
314 2003 365 2043 nm
381 1981 511 2055 moriar,
531 1980 668 2044 medinm
681 1981 835 2043 salvaret
849 1980 938 2043 inter
954 1990 1040 2063 opus,

245 2086 350 2171 Atque
362 2087 484 2171 aliquis
497 2094 604 2150 nostro
617 2087 792 2150 lacrimans
806 2086 969 2169 infunere
982 2085 1092 2150 dicat:

284 2215 303 2255 <c
318 2192 515 2255 Conveniens
529 2192 607 2257 octa
620 2192 784 2274 morsfuit
797 2192 859 2256 ista
872 2199 948 2256 tun.
966 2213 986 2255 s>

347 3163 434 3212 R1MA
448 3151 549 3213 malas
561 3149 674 3223 docuit,
692 3146 886 3213 mirantibus
898 3150 1036 3234 aequoris
1050 3149 1163 3225 undis,

209 3160 345 3434 Q
367 3257 496 3320 Peliaca
505 3256 605 3339 pinus
618 3257 737 3319 uertice
750 3277 831 3320 caesa
845 3258 923 3330 oo'as,

348 3365 428 3443 Quae
440 3368 659 3426 concurrentes
674 3363 761 3426 inter
773 3364 948 3427 temeraria
961 3372 1067 3429 cautes

285 3469 490 3552 Conspicuam
494 3469 595 3551 fulvo
609 3468 730 3533 uellere
743 3470 831 3533 nexit
844 3492 940 3536 ouem.

173 3591 191 3655 5
248 3577 278 3638 0
292 3577 414 3638 utinam
429 3577 552 3659 nequis
567 3577 752 3656 remojreta
767 3576 862 3661 longa
879 3584 1023 3653 moneret,

284 3682 534 3765 Argosuuestas
543 3692 657 3766 pressa
670 3683 799 3747 bc'bokset
812 3695 933 3767 aquas!
