2648 4470
562 334 664 391 LIBER
680 340 810 392 PRIMUS

291 1464 362 1513 DDE
376 1471 489 1512 manus
504 1453 537 1513 in
552 1450 658 1515 achela
673 1472 758 1515 meas
772 1454 934 1533 (meruere
947 1456 1106 1535 calenas),

150 1452 288 1738 Q
309 1556 505 1637 Dumfurar
518 1558 618 1619 amnis
631 1559 706 1631 alil,
723 1559 841 1642 siquis
853 1559 975 1622 amc'cus
988 1558 1085 1622 acles!

290 1663 487 1745 Namfurar
501 1665 534 1726 in
555 1664 714 1728 dominam
732 1667 905 1730 temeraria
924 1665 1059 1729 brachia
1080 1668 1201 1732 mavit:
1231 1708 1234 1715 -

228 1771 305 1836 Flet
318 1791 386 1835 mea
400 1792 516 1835 vesana
530 1773 606 1834 laesa
614 1773 724 1856 puella
738 1793 845 1835 manu.

116 1891 133 1958 5
192 1880 223 1943 T
218 1899 279 1943 unc
291 1899 349 1963 ega
364 1879 415 1941 vel
426 1898 517 1941 caros
527 1879 620 1961 palai
631 1879 754 1942 vcelare
761 1884 921 1963 parentes,

225 1986 321 2050 Saeaa
335 1986 389 2049 ael
403 1987 437 2048 in
450 1990 572 2048 sanctas
587 1985 720 2048 verbera
725 1987 823 2066 ferre
837 1984 917 2048 deos.

187 2092 304 2175 Quid?
317 2114 376 2156 nan
390 2099 422 2155 el
436 2092 534 2177 clipei
544 2091 689 2154 dominus
702 2093 854 2176 septempl
855 2093 914 2157 icis
927 2093 955 2154 Α
953 2093 1024 2175 jax

224 2199 357 2262 Stravit
370 2198 537 2282 deprensas
552 2200 619 2262 lala
629 2208 691 2282 per
703 2219 784 2262 arva
794 2219 925 2284 greges

186 2306 241 2378 El,
261 2305 382 2368 vindex
397 2306 431 2366 in
446 2311 549 2366 matre
557 2305 676 2389 patris,
695 2305 798 2368 malas
812 2306 908 2378 altar,
929 2305 1063 2369 Orestes

97 2427 132 2472 10
170 2419 172 2424 '
224 2414 333 2476 Ausus
348 2412 381 2473 in
395 2399 551 2501 arcadnas
560 2421 688 2495 pascere
701 2411 765 2473 tela
780 2410 884 2473 deas?

184 2518 218 2581 E
219 2538 279 2602 rga
292 2538 350 2601 ega
360 2517 506 2601 digestas
513 2519 610 2601 potui
619 2518 748 2580 laniare
761 2518 914 2600 capillos!

222 2627 291 2689 Nec
304 2623 461 2687 dominam
477 2630 565 2686 motae
579 2624 750 2687 dedecuere
763 2645 855 2688 comae
863 2650 874 2694 ,-

182 2732 241 2796 Sic
243 2731 389 2813 formasa
393 2731 470 2812 suit
485 2753 495 2793 .·
510 2732 604 2793 talem
619 2730 805 2794 Sclaoeaeida
820 2730 924 2794 dicam

221 2837 395 2902 Maenalias
408 2858 487 2901 arcu
499 2837 689 2900 sollicitasse
691 2836 810 2918 seras,·
878 2827 880 2831 ’

185 2947 277 3010 Talis
285 2945 425 3029 perjuri
431 2945 650 3031 promissaque
664 2945 792 3027 velaque
810 2944 924 3006 Thesei

92 3068 126 3135 15
219 3053 332 3117 Flevit
340 3053 524 3136 precepcles
539 3051 657 3114 Cressa
672 3052 785 3113 tulisse
799 3052 918 3121 Notas,-

179 3161 207 3223 S
209 3162 245 3234 ic,
264 3159 333 3223 nc'si
345 3158 471 3222 villatis
483 3159 566 3242 quad
577 3163 649 3221 eral
663 3156 849 3221 Cassandra
863 3156 1002 3242 capillis,

220 3266 397 3330 Procubuit
410 3265 531 3351 templa,
550 3271 638 3328 casta
652 3266 815 3337 Minerva,
834 3272 898 3330 tuo.

182 3369 1242 3455 Quismileinon«demenslsqaisnanmilei<‹barbare!›>Dc'cciffl

220 3483 293 3564 Ipsa
309 3480 394 3543 nihil
408 3505 418 3543 .·
431 3480 550 3563 pavida
563 3484 610 3541 esl
622 3479 740 3562 lingua
756 3484 878 3540 relenta
893 3483 976 3541 mela
987 3503 1000 3553 ,·

88 3605 128 3665 20
179 3587 248 3651 Sed
260 3587 354 3650 lacili
361 3586 467 3667 fecere
481 3594 585 3649 tamen
599 3586 739 3649 convicia
754 3586 863 3648 vallas
878 3607 888 3650 :

219 3695 253 3762 E
249 3695 306 3783 gil
321 3714 369 3757 me
382 3693 530 3765 lacrimis
543 3712 597 3756 ore
609 3694 722 3759 silente
737 3712 838 3759 reum.
