2648 4470
606 288 710 341 unm
721 289 874 343 warlus

352 1407 400 1459 οΝ
414 1415 473 1479 ago
486 1396 640 1492 nobilium
652 1399 742 1461 sedeo
753 1399 915 1463 studiosus
925 1422 1102 1485 equorum:

210 1395 348 1680 Q
374 1505 554 1569 Cnitamcn
570 1503 752 1589 ipsafaocs,
770 1506 880 1569 vancot
892 1512 928 1569 ut
941 1507 999 1570 illc
1008 1527 1135 1591 precor.
1197 1514 1201 1521 “

356 1611 397 1675 Ut
410 1612 557 1693 loquerer
569 1618 670 1675 tecum
685 1612 766 1685 ocni,
785 1618 886 1676 tecum
898 1634 959 1696 que
970 1614 1123 1689 secema

284 1722 338 1784 Ne
351 1719 416 1783 tibi
426 1738 486 1781 non
501 1724 591 1781 notus
603 1739 694 1802 quam
703 1718 791 1800 focis
803 1727 885 1783 essct
897 1741 999 1785 amor.

173 1834 192 1901 5
250 1828 296 1893 Tu
311 1846 425 1891 cursus
437 1829 566 1908 spectas,
585 1844 644 1907 ago
657 1830 706 1888 tc.-
720 1832 894 1909 spoctemus
906 1833 1042 1912 uterquc

285 1934 379 2016 Quod
381 1931 491 2017 juvat,
508 1936 604 2015 atquc
616 1933 717 1995 oculos
726 1939 840 2017 pascat
854 1941 988 2018 uterquc
1000 1943 1096 1999 suast

245 2043 283 2115 0,
300 2041 485 2123 cuicumque
487 2039 597 2121 fines,
604 2039 696 2120 felix
709 2039 856 2123 agitator
867 2061 1019 2125 equorum
1032 2049 1044 2105 t

282 2150 317 2214 E
317 2168 378 2231 rgo
393 2147 435 2210 ill
437 2149 453 2210 i
460 2167 549 2210 curce
562 2146 698 2229 contigno
709 2167 777 2211 csse
791 2151 886 2212 tuac

244 2254 314 2318 Hoc
327 2253 412 2316 mihi
422 2253 595 2337 contingat,
612 2274 702 2317 sacro
714 2255 754 2318 dc
767 2275 894 2319 carcere
908 2254 1018 2319 missis
1084 2274 1088 2283 ’

156 2372 192 2417 10
284 2360 437 2423 Insistam
442 2359 536 2441 forti
545 2367 649 2422 menta
662 2360 822 2424 vehendus
834 2362 940 2443 canno,

245 2468 293 2533 Et
306 2466 392 2530 modo
405 2467 476 2529 lora
488 2466 574 2541 dabo,
592 2467 678 2530 modo
691 2467 822 2530 verbere
835 2472 931 2552 terga
944 2468 1063 2545 notabo,

282 2576 379 2638 Nunc
391 2573 555 2656 stringam
570 2578 668 2636 metas
682 2573 838 2637 interiore
852 2581 934 2639 rota.

241 2682 269 2747 S
270 2682 286 2744 i
296 2680 382 2744 mihi
390 2679 541 2743 currenti
540 2679 657 2760 fueris
669 2686 838 2762 conspecta,
856 2679 1011 2752 morabor,

282 2789 394 2871 Deque
407 2787 486 2850 mois
499 2786 645 2851 monitus
658 2787 728 2849 lora
743 2786 878 2849 remissa
888 2786 1007 2868 siccant.

155 2905 188 2970 ¹5
244 2895 272 2959 Α
275 2895 319 2959 h!
331 2916 424 2978 quam
435 2904 526 2978 pane
538 2894 654 2978 Pelops
666 2893 778 2956 Pcooea
791 2892 928 2958 concidit
941 2893 1047 2967 hasta,

279 3002 368 3066 Dum
382 3006 500 3085 spectat
514 3000 635 3076 vultus,
653 2999 877 3084 Hippodamia,
895 3006 966 3063 tuos
976 3004 991 3062 t

243 3110 365 3192 Nempe
368 3107 489 3190 favore
501 3128 569 3170 sua
582 3107 664 3170 vicit
677 3113 782 3171 tamen
797 3106 855 3170 illc
864 3106 1002 3190 puello:

290 3214 458 3279 Vincamus
471 3213 606 3277 domina
619 3212 873 3298 qnisquc'fanorc
886 3217 977 3277 suar!

244 3322 336 3403 Quid
338 3323 475 3403 frustra
490 3320 647 3404 refugis?
658 3321 745 3405 cogit
759 3340 814 3384 nos
827 3319 915 3383 laneo
922 3319 1058 3404 jungi:

152 3441 192 3493 20
282 3428 363 3492 Hac
377 3428 411 3490 in
426 3428 498 3511 lega
512 3426 575 3491 toci
583 3428 737 3492 commoda
751 3428 859 3493 circus
871 3426 973 3492 habet.

249 3535 279 3599 T
275 3557 296 3598 u
310 3542 424 3609 tamen,
442 3556 461 3597 a
475 3533 593 3597 dextra
607 3536 796 3617 quicumque
809 3556 852 3609 es,
863 3546 963 3619 parce
971 3533 1093 3617 perella
1107 3555 1119 3601 .·

286 3643 439 3714 Contactu
453 3641 567 3708 lateris
582 3641 715 3707 laedc'tnr
729 3641 792 3705 isto
805 3642 866 3709 tui.
