2648 4470
603 292 704 343 LIBER
719 279 849 342 PRIMUS

250 544 455 626 Lunavitque
465 565 554 628 genu
568 544 729 608 sinuosum
733 548 875 628 sortiter
889 568 1010 622 arcum,

289 673 308 712 «
326 651 476 733 Quodque
489 672 592 724 canas,
612 660 709 723 uates,
727 656 837 736 accipe,
857 654 955 727 donat,
974 659 1107 738 opust»

158 779 195 844 25
249 757 305 819 Me
319 756 471 818 miserum
480 761 494 818 t
507 764 610 819 certas
623 758 735 821 habuit
744 770 828 842 puer
842 759 901 822 ille
914 762 1054 844 sagittas
1070 783 1080 826 .·

293 864 386 935 Uror,
405 869 435 926 et
450 865 484 925 in
499 885 601 926 uacuo⁴
602 873 729 948 pectore
744 872 861 948 regnat
874 869 984 932 Amor.

248 971 276 1033 S
276 991 317 1033 ex
331 970 416 1032 naz'lai
426 979 544 1054 surgat
558 982 633 1054 opus
648 974 799 1045 numeris,
820 974 854 1035 in
868 975 1008 1056 quiaque
1023 975 1150 1039 residat
1166 999 1180 1042 .·

289 1079 415 1141 Ferrea
428 1099 497 1140 cum
514 1080 633 1140 uestris
647 1077 728 1141 betta
742 1080 845 1141 valete
859 1081 983 1144 modi'st

249 1183 393 1266 Cingere
407 1184 687 1268 litoreaflaoeutia
702 1193 841 1269 tempora
856 1194 968 1270 myrto,

156 1315 196 1383 3⁰
287 1291 395 1366 Musa,
408 1301 471 1376 per
483 1291 622 1356 undenos
634 1293 841 1358 emodulanda
848 1293 970 1378 pedes!

352 2269 411 2319 SSE
426 2254 574 2337 quidhoc
587 2256 699 2330 droam,
718 2255 803 2338 quod
816 2263 881 2319 tana
900 2255 987 2320 mitri
1001 2255 1086 2320 dura
1105 2257 1273 2331 videntur

208 2266 343 2544 Q
371 2363 398 2424 S
399 2368 495 2435 trata,
515 2382 614 2443 neque
629 2362 663 2423 in
678 2363 756 2425 tecto
764 2364 870 2445 pattia
885 2370 994 2426 nostra
1008 2363 1127 2437 sedent,

352 2471 399 2534 Et
413 2490 531 2532 uocatus
545 2489 649 2531 somno
663 2476 788 2541 noctem,
806 2491 900 2555 quam
915 2470 1021 2552 longa,
1035 2471 1164 2554 peregi]

286 2581 445 2662 Lassaque
460 2576 587 2639 uersati
597 2576 738 2658 corporis
751 2572 820 2638 ossa
833 2576 970 2639 dotent?

176 2709 193 2772 5
229 2677 342 2760 *Nam,
358 2691 442 2770 puto,
459 2684 620 2758 sentirem,'
637 2683 671 2744 si
682 2703 741 2764 quo
754 2688 899 2745 tentarer
911 2703 1027 2748 amore.

286 2795 314 2857 Α
319 2815 339 2855 n
352 2793 450 2864 subit,
467 2797 498 2853 et
510 2796 589 2854 tecta
603 2790 744 2854 callidus
758 2796 830 2852 arte
845 2791 958 2859 nocet?

246 2902 274 2964 S
276 2901 305 2962 ic
318 2900 384 2962 erit
400 2921 409 2963 :
424 2897 585 2960 auserunt
599 2902 706 2959 tenues
722 2897 755 2958 in
770 2895 863 2958 corde
876 2895 1018 2978 sagittae,

287 3007 335 3070 Et
341 3004 590 3090 possessaserus
598 3008 728 3086 pectora
743 3009 853 3066 uersat
865 3003 980 3065 Amor„

251 3117 279 3180 C
278 3114 410 3184 edimus,
423 3133 464 3173 au
479 3110 616 3172 subitum
632 3110 778 3172 luctando
792 3109 991 3173 accendunus
1005 3108 1142 3192 agonem?

159 3245 195 3290 10
289 3220 445 3284 Cedamus
454 3222 469 3280 t
482 3216 551 3279 leue
556 3216 610 3300 fit,
629 3215 711 3299 quod
723 3216 797 3280 bene
800 3215 930 3298 fertur,
948 3236 1025 3278 onus
1039 3242 1050 3278 .-

255 3327 334 3390 Vidi
344 3347 402 3409 ego
408 3324 550 3408 jactatas
564 3329 643 3385 mota
657 3323 727 3397 face
745 3321 1054 3405 crescereflammas,

288 3433 335 3496 Et
350 3431 424 3495 uidi
434 3432 522 3494 nullo
536 3429 726 3494 concutiente
739 3430 844 3503 mori,·
1189 3496 1205 3529 ·

255 3539 392 3604 Verbera
402 3538 634 3622 pturaferunt,
653 3557 746 3619 quam
760 3557 835 3619 quos
841 3536 944 3618 juvat
957 3554 1033 3597 usus
1046 3532 1163 3606 aratri,

288 3646 475 3711 Detractant
485 3645 596 3728 pressi
606 3643 681 3706 dam
687 3643 776 3729 juga
786 3642 897 3730 prima
912 3643 1002 3706 boues
1009 3665 1021 3714 ,·
1119 3637 1124 3646 ’
