<?xml version="1.0" encoding="UTF-8"?>
<!DOCTYPE html PUBLIC "-//W3C//DTD XHTML 1.0 Transitional//EN"
    "http://www.w3.org/TR/xhtml1/DTD/xhtml1-transitional.dtd">
<html xmlns="http://www.w3.org/1999/xhtml" xml:lang="en" lang="en">
 <head>
  <title>
</title>
<meta http-equiv="Content-Type" content="text/html;charset=utf-8" />
  <meta name='ocr-system' content='tesseract 3.04.00' />
  <meta name='ocr-capabilities' content='ocr_page ocr_carea ocr_par ocr_line ocrx_word'/>
</head>
<body>
  <div class='ocr_page' id='page_1' title='image "./povidiinasonisa00ovidgoog_0217.png"; bbox 0 0 2648 4470; ppageno 0'>
   <div class='ocr_carea' id='block_1_1' title="bbox 215 312 874 380">
    <p class='ocr_par' dir='ltr' id='par_1_1' title="bbox 215 312 874 380">
     <span class='ocr_line' id='line_1_1' title="bbox 215 312 874 380; baseline 0.003 -2"><span class='ocrx_word' id='word_1_1' title='bbox 215 312 269 378; x_wconf 70' lang='lat'><em>162</em></span> <span class='ocrx_word' id='word_1_2' title='bbox 609 329 874 380; x_wconf 71' lang='lat' dir='ltr'><em>unosssssws</em></span> 
     </span>
    </p>
   </div>
   <div class='ocr_carea' id='block_1_2' title="bbox 128 580 1254 3118">
    <p class='ocr_par' dir='ltr' id='par_1_2' title="bbox 128 580 1254 3118">
     <span class='ocr_line' id='line_1_2' title="bbox 255 580 1074 666; baseline 0.006 -24"><span class='ocrx_word' id='word_1_3' title='bbox 255 580 285 642; x_wconf 85' lang='lat' dir='ltr'><em>T</em></span> <span class='ocrx_word' id='word_1_4' title='bbox 279 602 296 643; x_wconf 92' lang='lat' dir='ltr'><em>e</em></span> <span class='ocrx_word' id='word_1_5' title='bbox 309 602 430 663; x_wconf 83' lang='lat' dir='ltr'><em>qnoque</em></span> <span class='ocrx_word' id='word_1_6' title='bbox 444 581 598 645; x_wconf 79' lang='lat' dir='ltr'><em>credibile</em></span> <span class='ocrx_word' id='word_1_7' title='bbox 611 589 657 645; x_wconf 89' lang='lat' dir='ltr'><em>est</em></span> <span class='ocrx_word' id='word_1_8' title='bbox 670 584 779 665; x_wconf 66' lang='lat' dir='ltr'><em>alcano</em></span> <span class='ocrx_word' id='word_1_9' title='bbox 793 585 931 648; x_wconf 88' lang='lat' dir='ltr'><em>caluisse</em></span> <span class='ocrx_word' id='word_1_10' title='bbox 943 586 1051 666; x_wconf 80' lang='lat' dir='ltr'><em>puella</em></span> <span class='ocrx_word' id='word_1_11' title='bbox 1061 611 1074 660; x_wconf 84' lang='lat'><em>;</em></span> 
     </span>
     <span class='ocr_line' id='line_1_3' title="bbox 287 688 1065 774; baseline 0.005 -24"><span class='ocrx_word' id='word_1_12' title='bbox 287 688 357 750; x_wconf 86' lang='lat' dir='ltr'><em>Sed</em></span> <span class='ocrx_word' id='word_1_13' title='bbox 369 708 496 752; x_wconf 91' lang='lat' dir='ltr'><em>nemora</em></span> <span class='ocrx_word' id='word_1_14' title='bbox 510 695 541 751; x_wconf 90' lang='lat' dir='ltr'><em>et</em></span> <span class='ocrx_word' id='word_1_15' title='bbox 553 690 649 752; x_wconf 70' lang='lat' dir='ltr'><em>siloe</em></span> <span class='ocrx_word' id='word_1_16' title='bbox 661 691 801 753; x_wconf 86' lang='lat' dir='ltr'><em>crimina</em></span> <span class='ocrx_word' id='word_1_17' title='bbox 817 698 925 753; x_wconf 88' lang='lat' dir='ltr'><em>vestra</em></span> <span class='ocrx_word' id='word_1_18' title='bbox 940 698 1065 774; x_wconf 72' lang='lat' dir='ltr'><em>tegunt.</em></span> 
     </span>
     <span class='ocr_line' id='line_1_4' title="bbox 153 792 1063 880; baseline 0.005 -26"><span class='ocrx_word' id='word_1_19' title='bbox 153 795 190 871; x_wconf 83' lang='lat'><em>85</em></span> <span class='ocrx_word' id='word_1_20' title='bbox 248 792 336 856; x_wconf 88' lang='lat' dir='ltr'><em>Dum</em></span> <span class='ocrx_word' id='word_1_21' title='bbox 351 796 469 876; x_wconf 83' lang='lat' dir='ltr'><em>loquor,</em></span> <span class='ocrx_word' id='word_1_22' title='bbox 490 796 629 858; x_wconf 87' lang='lat' dir='ltr'><em>increvit</em></span> <span class='ocrx_word' id='word_1_23' title='bbox 644 797 722 859; x_wconf 88' lang='lat' dir='ltr'><em>latis</em></span> <span class='ocrx_word' id='word_1_24' title='bbox 735 798 892 880; x_wconf 89' lang='lat' dir='ltr'><em>spatiosus</em></span> <span class='ocrx_word' id='word_1_25' title='bbox 907 799 941 860; x_wconf 90' lang='lat' dir='ltr'><em>in</em></span> <span class='ocrx_word' id='word_1_26' title='bbox 957 799 1063 868; x_wconf 89' lang='lat' dir='ltr'><em>undis,</em></span> 
     </span>
     <span class='ocr_line' id='line_1_5' title="bbox 284 901 982 987; baseline 0.003 -22"><span class='ocrx_word' id='word_1_27' title='bbox 284 902 352 965; x_wconf 91' lang='lat' dir='ltr'><em>Nec</em></span> <span class='ocrx_word' id='word_1_28' title='bbox 366 903 453 985; x_wconf 83' lang='lat' dir='ltr'><em>capit</em></span> <span class='ocrx_word' id='word_1_29' title='bbox 467 901 624 965; x_wconf 87' lang='lat' dir='ltr'><em>admissas</em></span> <span class='ocrx_word' id='word_1_30' title='bbox 638 905 748 966; x_wconf 85' lang='lat' dir='ltr'><em>alveus</em></span> <span class='ocrx_word' id='word_1_31' title='bbox 762 904 850 966; x_wconf 90' lang='lat' dir='ltr'><em>altus</em></span> <span class='ocrx_word' id='word_1_32' title='bbox 862 925 962 987; x_wconf 83' lang='lat' dir='ltr'><em>uqocas</em></span> <span class='ocrx_word' id='word_1_33' title='bbox 972 926 982 969; x_wconf 93' lang='lat'><em>.·</em></span> 
     </span>
     <span class='ocr_line' id='line_1_6' title="bbox 248 1007 1086 1094; baseline 0.005 -25"><span class='ocrx_word' id='word_1_34' title='bbox 248 1007 341 1089; x_wconf 86' lang='lat' dir='ltr'><em>Quid</em></span> <span class='ocrx_word' id='word_1_35' title='bbox 351 1029 478 1081; x_wconf 88' lang='lat' dir='ltr'><em>mecum,</em></span> <span class='ocrx_word' id='word_1_36' title='bbox 487 1007 638 1089; x_wconf 73' lang='lat' dir='ltr'><em>furcose‚&#39;</em></span> <span class='ocrx_word' id='word_1_37' title='bbox 648 1010 739 1073; x_wconf 84' lang='lat' dir='ltr'><em>tibi?</em></span> <span class='ocrx_word' id='word_1_38' title='bbox 752 1011 834 1093; x_wconf 85' lang='lat' dir='ltr'><em>quid</em></span> <span class='ocrx_word' id='word_1_39' title='bbox 846 1018 955 1073; x_wconf 88' lang='lat' dir='ltr'><em>mutua</em></span> <span class='ocrx_word' id='word_1_40' title='bbox 971 1012 1086 1094; x_wconf 84' lang='lat' dir='ltr'><em>differs</em></span> 
     </span>
     <span class='ocr_line' id='line_1_7' title="bbox 182 1115 1088 1200; baseline 0.003 -22"><span class='ocrx_word' id='word_1_41' title='bbox 182 1145 185 1151; x_wconf 94' lang='lat'>·</span> <span class='ocrx_word' id='word_1_42' title='bbox 288 1115 415 1178; x_wconf 86' lang='lat' dir='ltr'><em>Gaudia</em></span> <span class='ocrx_word' id='word_1_43' title='bbox 427 1118 445 1179; x_wconf 64' lang='grc' dir='ltr'><strong><em>ἵ</em></strong></span> <span class='ocrx_word' id='word_1_44' title='bbox 457 1115 538 1197; x_wconf 88' lang='lat' dir='ltr'><em>quid</em></span> <span class='ocrx_word' id='word_1_45' title='bbox 548 1121 686 1199; x_wconf 81' lang='lat' dir='ltr'><em>coeptum,</em></span> <span class='ocrx_word' id='word_1_46' title='bbox 704 1118 832 1188; x_wconf 80' lang='lat' dir='ltr'><em>rustice,</em></span> <span class='ocrx_word' id='word_1_47' title='bbox 853 1118 977 1200; x_wconf 82' lang='lat' dir='ltr'><em>rumpis</em></span> <span class='ocrx_word' id='word_1_48' title='bbox 993 1120 1088 1182; x_wconf 86' lang='lat' dir='ltr'><em>iter?</em></span> 
     </span>
     <span class='ocr_line' id='line_1_8' title="bbox 246 1221 1041 1307; baseline 0.006 -25"><span class='ocrx_word' id='word_1_49' title='bbox 246 1221 345 1300; x_wconf 81' lang='lat' dir='ltr'><em>Quid,</em></span> <span class='ocrx_word' id='word_1_50' title='bbox 364 1223 399 1283; x_wconf 87' lang='lat' dir='ltr'><em>si</em></span> <span class='ocrx_word' id='word_1_51' title='bbox 409 1223 592 1305; x_wconf 72' lang='lat' dir='ltr'><em>legitimum</em></span> <span class='ocrx_word' id='word_1_52' title='bbox 599 1222 734 1306; x_wconf 81' lang='lat' dir='ltr'><em>fluores,</em></span> <span class='ocrx_word' id='word_1_53' title='bbox 753 1225 787 1284; x_wconf 90' lang='lat' dir='ltr'><em>si</em></span> <span class='ocrx_word' id='word_1_54' title='bbox 799 1222 900 1286; x_wconf 87' lang='lat' dir='ltr'><em>nobile</em></span> <span class='ocrx_word' id='word_1_55' title='bbox 905 1225 1041 1307; x_wconf 76' lang='lat' dir='ltr'><em>fiumen,</em></span> 
     </span>
     <span class='ocr_line' id='line_1_9' title="bbox 148 1328 975 1412; baseline 0.006 -23"><span class='ocrx_word' id='word_1_56' title='bbox 148 1346 189 1408; x_wconf 90' lang='lat'><em>90</em></span> <span class='ocrx_word' id='word_1_57' title='bbox 281 1328 327 1388; x_wconf 87' lang='lat' dir='ltr'><em>Si</em></span> <span class='ocrx_word' id='word_1_58' title='bbox 338 1329 468 1412; x_wconf 82' lang='lat' dir='ltr'><em>tibiper</em></span> <span class='ocrx_word' id='word_1_59' title='bbox 482 1337 592 1392; x_wconf 86' lang='lat' dir='ltr'><em>terras</em></span> <span class='ocrx_word' id='word_1_60' title='bbox 605 1328 975 1410; x_wconf 78' lang='lat' dir='ltr'><em>maximasamaforet?</em></span> 
     </span>
     <span class='ocr_line' id='line_1_10' title="bbox 242 1434 1013 1509; baseline 0 -12"><span class='ocrx_word' id='word_1_61' title='bbox 242 1436 365 1498; x_wconf 83' lang='lat' dir='ltr'><em>Nomen</em></span> <span class='ocrx_word' id='word_1_62' title='bbox 379 1434 471 1497; x_wconf 84' lang='lat' dir='ltr'><em>habes</em></span> <span class='ocrx_word' id='word_1_63' title='bbox 485 1436 618 1509; x_wconf 84' lang='lat' dir='ltr'><em>nullum,</em></span> <span class='ocrx_word' id='word_1_64' title='bbox 640 1436 725 1498; x_wconf 84' lang='lat' dir='ltr'><em>riuis</em></span> <span class='ocrx_word' id='word_1_65' title='bbox 739 1437 863 1499; x_wconf 80' lang='lat' dir='ltr'><em>collecte</em></span> <span class='ocrx_word' id='word_1_66' title='bbox 875 1436 1013 1508; x_wconf 84' lang='lat' dir='ltr'><em>caducis,</em></span> 
     </span>
     <span class='ocr_line' id='line_1_11' title="bbox 282 1541 1043 1622; baseline -0.001 -17"><span class='ocrx_word' id='word_1_67' title='bbox 282 1543 351 1605; x_wconf 89' lang='lat' dir='ltr'><em>Nec</em></span> <span class='ocrx_word' id='word_1_68' title='bbox 364 1541 428 1603; x_wconf 83' lang='lat' dir='ltr'><em>tili</em></span> <span class='ocrx_word' id='word_1_69' title='bbox 438 1549 515 1603; x_wconf 89' lang='lat' dir='ltr'><em>sunt</em></span> <span class='ocrx_word' id='word_1_70' title='bbox 523 1541 644 1622; x_wconf 76' lang='lat' dir='ltr'><em>fhntes,</em></span> <span class='ocrx_word' id='word_1_71' title='bbox 663 1563 718 1605; x_wconf 88' lang='lat' dir='ltr'><em>nec</em></span> <span class='ocrx_word' id='word_1_72' title='bbox 732 1542 795 1604; x_wconf 89' lang='lat' dir='ltr'><em>tibi</em></span> <span class='ocrx_word' id='word_1_73' title='bbox 804 1549 894 1606; x_wconf 88' lang='lat' dir='ltr'><em>certa</em></span> <span class='ocrx_word' id='word_1_74' title='bbox 909 1542 1019 1604; x_wconf 87' lang='lat' dir='ltr'><em>domus</em></span> <span class='ocrx_word' id='word_1_75' title='bbox 1031 1568 1043 1615; x_wconf 82' lang='lat'><em>,-</em></span> 
     </span>
     <span class='ocr_line' id='line_1_12' title="bbox 238 1647 1100 1733; baseline 0.003 -24"><span class='ocrx_word' id='word_1_76' title='bbox 238 1647 354 1711; x_wconf 85' lang='lat' dir='ltr'><em>Fontis</em></span> <span class='ocrx_word' id='word_1_77' title='bbox 367 1648 461 1710; x_wconf 80' lang='lat' dir='ltr'><em>habes</em></span> <span class='ocrx_word' id='word_1_78' title='bbox 475 1649 580 1711; x_wconf 80' lang='lat' dir='ltr'><em>instar</em></span> <span class='ocrx_word' id='word_1_79' title='bbox 589 1649 795 1732; x_wconf 74' lang='lat' dir='ltr'><em>plumamque</em></span> <span class='ocrx_word' id='word_1_80' title='bbox 809 1650 958 1733; x_wconf 84' lang='lat' dir='ltr'><em>nivesque</em></span> <span class='ocrx_word' id='word_1_81' title='bbox 971 1650 1018 1712; x_wconf 94' lang='lat' dir='ltr'><em>sol</em></span> <span class='ocrx_word' id='word_1_82' title='bbox 1020 1655 1100 1726; x_wconf 86' lang='lat' dir='ltr'><em>utos,</em></span> 
     </span>
     <span class='ocr_line' id='line_1_13' title="bbox 282 1753 1020 1839; baseline 0.004 -23"><span class='ocrx_word' id='word_1_83' title='bbox 282 1755 372 1834; x_wconf 84' lang='lat' dir='ltr'><em>Quas</em></span> <span class='ocrx_word' id='word_1_84' title='bbox 384 1754 449 1817; x_wconf 87' lang='lat' dir='ltr'><em>tibi</em></span> <span class='ocrx_word' id='word_1_85' title='bbox 459 1753 596 1817; x_wconf 78' lang='lat' dir='ltr'><em>diuitias</em></span> <span class='ocrx_word' id='word_1_86' title='bbox 604 1756 709 1839; x_wconf 79' lang='lat' dir='ltr'><em>pigra</em></span> <span class='ocrx_word' id='word_1_87' title='bbox 724 1757 895 1819; x_wconf 83' lang='lat' dir='ltr'><em>ministrat</em></span> <span class='ocrx_word' id='word_1_88' title='bbox 908 1755 1020 1819; x_wconf 83' lang='lat' dir='ltr'><em>ln&#39;ems.</em></span> 
     </span>
     <span class='ocr_line' id='line_1_14' title="bbox 146 1861 1035 1947; baseline 0.003 -25"><span class='ocrx_word' id='word_1_89' title='bbox 146 1876 185 1941; x_wconf 87' lang='lat'><em>95</em></span> <span class='ocrx_word' id='word_1_90' title='bbox 239 1861 308 1923; x_wconf 81' lang='lat' dir='ltr'><em>Aut</em></span> <span class='ocrx_word' id='word_1_91' title='bbox 322 1862 501 1923; x_wconf 86' lang='lat' dir='ltr'><em>lutulentus</em></span> <span class='ocrx_word' id='word_1_92' title='bbox 513 1862 589 1944; x_wconf 77' lang='lat' dir='ltr'><em>agis</em></span> <span class='ocrx_word' id='word_1_93' title='bbox 603 1861 748 1925; x_wconf 87' lang='lat' dir='ltr'><em>brumali</em></span> <span class='ocrx_word' id='word_1_94' title='bbox 759 1869 896 1947; x_wconf 82' lang='lat' dir='ltr'><em>tempore</em></span> <span class='ocrx_word' id='word_1_95' title='bbox 909 1883 1035 1938; x_wconf 78' lang='lat' dir='ltr'><em>cursus,</em></span> 
     </span>
     <span class='ocr_line' id='line_1_15' title="bbox 277 1967 1060 2052; baseline 0.003 -23"><span class='ocrx_word' id='word_1_96' title='bbox 277 1967 346 2029; x_wconf 85' lang='lat' dir='ltr'><em>Aut</em></span> <span class='ocrx_word' id='word_1_97' title='bbox 354 1969 480 2052; x_wconf 84' lang='lat' dir='ltr'><em>premis</em></span> <span class='ocrx_word' id='word_1_98' title='bbox 492 1976 634 2033; x_wconf 88' lang='lat' dir='ltr'><em>arentem</em></span> <span class='ocrx_word' id='word_1_99' title='bbox 645 1971 891 2052; x_wconf 79' lang='lat' dir='ltr'><em>pulverulentus</em></span> <span class='ocrx_word' id='word_1_100' title='bbox 903 1969 1033 2031; x_wconf 81' lang='lat' dir='ltr'><em>humum</em></span> <span class='ocrx_word' id='word_1_101' title='bbox 1050 1995 1060 2031; x_wconf 94' lang='lat'><em>:</em></span> 
     </span>
     <span class='ocr_line' id='line_1_16' title="bbox 240 2074 994 2159; baseline 0.004 -23"><span class='ocrx_word' id='word_1_102' title='bbox 240 2074 322 2154; x_wconf 84' lang='lat' dir='ltr'><em>Quis</em></span> <span class='ocrx_word' id='word_1_103' title='bbox 336 2082 367 2137; x_wconf 90' lang='lat' dir='ltr'><em>te</em></span> <span class='ocrx_word' id='word_1_104' title='bbox 380 2081 449 2137; x_wconf 93' lang='lat' dir='ltr'><em>tum</em></span> <span class='ocrx_word' id='word_1_105' title='bbox 457 2077 565 2159; x_wconf 84' lang='lat' dir='ltr'><em>potuit</em></span> <span class='ocrx_word' id='word_1_106' title='bbox 576 2076 691 2138; x_wconf 87' lang='lat' dir='ltr'><em>sitiens</em></span> <span class='ocrx_word' id='word_1_107' title='bbox 706 2076 843 2139; x_wconf 80' lang='lat' dir='ltr'><em>haurire</em></span> <span class='ocrx_word' id='word_1_108' title='bbox 857 2077 994 2139; x_wconf 84' lang='lat' dir='ltr'><em>vz‘ator?</em></span> 
     </span>
     <span class='ocr_line' id='line_1_17' title="bbox 279 2181 1002 2265; baseline 0.004 -24"><span class='ocrx_word' id='word_1_109' title='bbox 279 2181 364 2260; x_wconf 85' lang='lat' dir='ltr'><em>Quis</em></span> <span class='ocrx_word' id='word_1_110' title='bbox 377 2181 466 2243; x_wconf 76' lang='lat' dir='ltr'><em>diuet</em></span> <span class='ocrx_word' id='word_1_111' title='bbox 475 2187 577 2265; x_wconf 81' lang='lat' dir='ltr'><em>grata</em></span> <span class='ocrx_word' id='word_1_112' title='bbox 592 2202 663 2244; x_wconf 85' lang='lat' dir='ltr'><em>uoce</em></span> <span class='ocrx_word' id='word_1_113' title='bbox 677 2205 695 2245; x_wconf 76' lang='lat'>«</span> <span class='ocrx_word' id='word_1_114' title='bbox 710 2183 873 2245; x_wconf 84' lang='lat' dir='ltr'><em>Perennis</em></span> <span class='ocrx_word' id='word_1_115' title='bbox 885 2203 939 2245; x_wconf 91' lang='lat' dir='ltr'><em>eas</em></span> <span class='ocrx_word' id='word_1_116' title='bbox 955 2183 1002 2244; x_wconf 71' lang='lat' dir='ltr'><em>n?</em></span> 
     </span>
     <span class='ocr_line' id='line_1_18' title="bbox 238 2285 999 2372; baseline 0 -23"><span class='ocrx_word' id='word_1_117' title='bbox 238 2285 418 2349; x_wconf 86' lang='lat' dir='ltr'><em>Damnosus</em></span> <span class='ocrx_word' id='word_1_118' title='bbox 427 2289 540 2371; x_wconf 85' lang='lat' dir='ltr'><em>pecori</em></span> <span class='ocrx_word' id='word_1_119' title='bbox 549 2289 669 2364; x_wconf 89' lang='lat' dir='ltr'><em>curris,</em></span> <span class='ocrx_word' id='word_1_120' title='bbox 685 2289 867 2351; x_wconf 88' lang='lat' dir='ltr'><em>damnosior</em></span> <span class='ocrx_word' id='word_1_121' title='bbox 880 2288 978 2372; x_wconf 74' lang='lat' dir='ltr'><em>agris</em></span> <span class='ocrx_word' id='word_1_122' title='bbox 988 2316 999 2352; x_wconf 87' lang='lat'><em>.-</em></span> 
     </span>
     <span class='ocr_line' id='line_1_19' title="bbox 130 2391 1046 2468; baseline 0.008 -16"><span class='ocrx_word' id='word_1_123' title='bbox 130 2409 185 2453; x_wconf 89' lang='lat'><em>100</em></span> <span class='ocrx_word' id='word_1_124' title='bbox 277 2391 433 2454; x_wconf 86' lang='lat' dir='ltr'><em>Forsitan</em></span> <span class='ocrx_word' id='word_1_125' title='bbox 447 2393 513 2456; x_wconf 77' lang='lat' dir='ltr'><em>huc</em></span> <span class='ocrx_word' id='word_1_126' title='bbox 526 2395 616 2468; x_wconf 79' lang='lat' dir='ltr'><em>alios,</em></span> <span class='ocrx_word' id='word_1_127' title='bbox 635 2415 683 2457; x_wconf 88' lang='lat' dir='ltr'><em>me</em></span> <span class='ocrx_word' id='word_1_128' title='bbox 696 2415 763 2458; x_wconf 88' lang='lat' dir='ltr'><em>mea</em></span> <span class='ocrx_word' id='word_1_129' title='bbox 777 2394 895 2458; x_wconf 92' lang='lat' dir='ltr'><em>damna</em></span> <span class='ocrx_word' id='word_1_130' title='bbox 910 2400 1046 2459; x_wconf 85' lang='lat' dir='ltr'><em>mouent.</em></span> 
     </span>
     <span class='ocr_line' id='line_1_20' title="bbox 236 2498 1159 2583; baseline 0.003 -23"><span class='ocrx_word' id='word_1_131' title='bbox 236 2498 325 2560; x_wconf 89' lang='lat' dir='ltr'><em>Huic</em></span> <span class='ocrx_word' id='word_1_132' title='bbox 337 2519 406 2581; x_wconf 78' lang='lat' dir='ltr'><em>ego,</em></span> <span class='ocrx_word' id='word_1_133' title='bbox 423 2509 491 2564; x_wconf 78' lang='lat' dir='ltr'><em>ooo!</em></span> <span class='ocrx_word' id='word_1_134' title='bbox 504 2500 630 2564; x_wconf 85' lang='lat' dir='ltr'><em>demens</em></span> <span class='ocrx_word' id='word_1_135' title='bbox 642 2502 814 2565; x_wconf 84' lang='lat' dir='ltr'><em>narrabam</em></span> <span class='ocrx_word' id='word_1_136' title='bbox 819 2501 999 2583; x_wconf 78' lang='lat' dir='ltr'><em>fluminum</em></span> <span class='ocrx_word' id='word_1_137' title='bbox 1012 2509 1159 2565; x_wconf 84' lang='lat' dir='ltr'><em>amores!</em></span> 
     </span>
     <span class='ocr_line' id='line_1_21' title="bbox 276 2604 950 2692; baseline 0.006 -24"><span class='ocrx_word' id='word_1_138' title='bbox 276 2604 427 2684; x_wconf 85' lang='lat' dir='ltr'><em>Jactas&#39;se</em></span> <span class='ocrx_word' id='word_1_139' title='bbox 441 2606 576 2688; x_wconf 73' lang='lat' dir='ltr'><em>tndigne</em></span> <span class='ocrx_word' id='word_1_140' title='bbox 588 2609 715 2671; x_wconf 80' lang='lat' dir='ltr'><em>mmc‘roa</em></span> <span class='ocrx_word' id='word_1_141' title='bbox 729 2614 818 2673; x_wconf 89' lang='lat' dir='ltr'><em>tanta</em></span> <span class='ocrx_word' id='word_1_142' title='bbox 828 2608 931 2692; x_wconf 85' lang='lat' dir='ltr'><em>pudet</em></span> <span class='ocrx_word' id='word_1_143' title='bbox 937 2628 950 2685; x_wconf 90' lang='lat'><em>;</em></span> 
     </span>
     <span class='ocr_line' id='line_1_22' title="bbox 235 2712 1254 2797; baseline 0.001 -21"><span class='ocrx_word' id='word_1_144' title='bbox 235 2712 352 2779; x_wconf 76' lang='lat' dir='ltr'><em>Nescio</em></span> <span class='ocrx_word' id='word_1_145' title='bbox 364 2731 456 2794; x_wconf 88' lang='lat' dir='ltr'><em>quem</em></span> <span class='ocrx_word' id='word_1_146' title='bbox 470 2712 552 2777; x_wconf 83' lang='lat' dir='ltr'><em>hunc</em></span> <span class='ocrx_word' id='word_1_147' title='bbox 564 2719 716 2797; x_wconf 85' lang='lat' dir='ltr'><em>spectans,</em></span> <span class='ocrx_word' id='word_1_148' title='bbox 736 2715 891 2778; x_wconf 79' lang='lat' dir='ltr'><em>Acheloon</em></span> <span class='ocrx_word' id='word_1_149' title='bbox 909 2721 941 2778; x_wconf 87' lang='lat' dir='ltr'><em>et</em></span> <span class='ocrx_word' id='word_1_150' title='bbox 959 2713 1095 2778; x_wconf 83' lang='lat' dir='ltr'><em>lnaclun</em></span> <span class='ocrx_word' id='word_1_151' title='bbox 1121 2735 1254 2789; x_wconf 87' lang='lat' dir='ltr'><em>amnem,</em></span> 
     </span>
     <span class='ocr_line' id='line_1_23' title="bbox 276 2819 973 2904; baseline 0.004 -23"><span class='ocrx_word' id='word_1_152' title='bbox 276 2819 324 2881; x_wconf 91' lang='lat' dir='ltr'><em>Et</em></span> <span class='ocrx_word' id='word_1_153' title='bbox 333 2820 428 2904; x_wconf 86' lang='lat' dir='ltr'><em>potui</em></span> <span class='ocrx_word' id='word_1_154' title='bbox 438 2839 555 2893; x_wconf 85' lang='lat' dir='ltr'><em>nomen,</em></span> <span class='ocrx_word' id='word_1_155' title='bbox 573 2820 665 2894; x_wconf 89' lang='lat' dir='ltr'><em>Nile,</em></span> <span class='ocrx_word' id='word_1_156' title='bbox 682 2821 810 2901; x_wconf 74' lang='lat' dir='ltr'><em>refi’rre</em></span> <span class='ocrx_word' id='word_1_157' title='bbox 823 2828 933 2884; x_wconf 82' lang='lat' dir='ltr'><em>tuum!</em></span> <span class='ocrx_word' id='word_1_158' title='bbox 967 2851 973 2858; x_wconf 92' lang='lat'><strong>·</strong></span> 
     </span>
     <span class='ocr_line' id='line_1_24' title="bbox 128 2926 1034 3010; baseline -0.001 -19"><span class='ocrx_word' id='word_1_159' title='bbox 128 2939 183 3006; x_wconf 88' lang='lat'><em>105</em></span> <span class='ocrx_word' id='word_1_160' title='bbox 237 2927 283 2990; x_wconf 86' lang='lat' dir='ltr'><em>At</em></span> <span class='ocrx_word' id='word_1_161' title='bbox 295 2926 359 2988; x_wconf 88' lang='lat' dir='ltr'><em>tibi</em></span> <span class='ocrx_word' id='word_1_162' title='bbox 361 2937 424 3010; x_wconf 88' lang='lat' dir='ltr'><em>pro</em></span> <span class='ocrx_word' id='word_1_163' title='bbox 438 2928 566 2989; x_wconf 87' lang='lat' dir='ltr'><em>meritis</em></span> <span class='ocrx_word' id='word_1_164' title='bbox 580 2933 657 3010; x_wconf 88' lang='lat' dir='ltr'><em>opto,</em></span> <span class='ocrx_word' id='word_1_165' title='bbox 675 2947 735 2989; x_wconf 89' lang='lat' dir='ltr'><em>non</em></span> <span class='ocrx_word' id='word_1_166' title='bbox 748 2927 884 2991; x_wconf 77' lang='lat' dir='ltr'><em>candide</em></span> <span class='ocrx_word' id='word_1_167' title='bbox 896 2934 1034 3002; x_wconf 81' lang='lat' dir='ltr'><em>torrens,</em></span> 
     </span>
     <span class='ocr_line' id='line_1_25' title="bbox 276 3032 1002 3118; baseline 0.007 -24"><span class='ocrx_word' id='word_1_168' title='bbox 276 3032 353 3096; x_wconf 87' lang='lat' dir='ltr'><em>Sint</em></span> <span class='ocrx_word' id='word_1_169' title='bbox 368 3034 482 3118; x_wconf 84' lang='lat' dir='ltr'><em>rapidi</em></span> <span class='ocrx_word' id='word_1_170' title='bbox 490 3034 571 3098; x_wconf 92' lang='lat' dir='ltr'><em>soles</em></span> <span class='ocrx_word' id='word_1_171' title='bbox 583 3035 727 3117; x_wconf 84' lang='lat' dir='ltr'><em>siccaque</em></span> <span class='ocrx_word' id='word_1_172' title='bbox 740 3045 865 3118; x_wconf 85' lang='lat' dir='ltr'><em>semper</em></span> <span class='ocrx_word' id='word_1_173' title='bbox 877 3035 1002 3100; x_wconf 82' lang='lat' dir='ltr'><em>hiems!</em></span> 
     </span>
    </p>
   </div>
   <div class='ocr_carea' id='block_1_3' title="bbox 0 0 1328 4470">
    <p class='ocr_par' dir='ltr' id='par_1_3' title="bbox 0 0 1328 4470">
     <span class='ocr_line' id='line_1_26' title="bbox 0 0 1328 4470; baseline 0 0"><span class='ocrx_word' id='word_1_174' title='bbox 0 0 1328 4470; x_wconf 95' lang='lat' dir='ltr'><em> </em></span> 
     </span>
    </p>
   </div>
  </div>
 </body>
</html>
