2648 4470
198 331 253 399 188
583 342 856 418 inessemus

74 576 76 581 Ι
140 610 179 677 45
232 599 346 672 Parce,
354 607 447 689 pero
462 597 680 663 lectisociolia
686 597 781 680 juro,
792 606 856 680 per
869 617 981 672 omnes,

273 704 344 786 Qui
353 704 433 768 dont
435 704 604 787 fallendos
616 724 651 766 se
664 703 729 767 libi
738 713 828 787 supe,
848 705 927 778 deos,

176 890 181 897 ἱ
231 811 361 896 Perque
373 811 600 894 tuumfaciem,
616 802 734 894 magui
743 811 829 874 mihi
840 811 985 875 numinis
1000 812 1115 887 instar,

180 924 182 929 '
270 917 400 1002 Perque
412 923 481 981 tuos
493 917 604 992 oculos,
621 918 683 1000 qui
694 926 831 1001 rapuere
844 925 946 982 meos!

197 1067 199 1072 -
232 1023 403 1109 Quidquid
412 1023 491 1102 eris,
510 1045 578 1088 mea
591 1031 716 1108 semper
728 1024 797 1087 eris
805 1049 817 1098 ,·
832 1029 868 1087 lu
880 1025 984 1109 selige
996 1031 1128 1101 tontum,

141 1144 180 1211 50
270 1131 327 1197 Me
339 1150 460 1214 quoque
473 1132 557 1195 nelle
569 1132 660 1208 uelis,
675 1151 757 1195 anne
769 1138 893 1197 coactus
902 1142 1029 1197 omem!

231 1237 346 1303 linteo
359 1238 430 1301 dem
435 1238 544 1322 polrus
556 1239 719 1322 uentosque
725 1238 906 1320 ferentibus
920 1244 1007 1315 utar,

276 1345 326 1418 Ul,
344 1346 491 1428 quamvis
504 1346 609 1419 nolim,
627 1365 734 1429 cogar,
755 1365 865 1410 amare
878 1346 989 1410 velim.

335 2302 473 2383 Ulsfuit
486 2303 545 2365 ille
559 2303 634 2375 dies,
654 2322 714 2384 quo
728 2302 840 2365 lrtstia
855 2312 977 2385 semper
992 2304 1119 2366 omonli

202 2309 332 2571 Q
355 2409 545 2498 Omino‚non
559 2409 640 2471 olbae
653 2410 860 2472 concinuistis
873 2413 978 2473 noes?

336 2514 465 2594 Quodve
472 2522 582 2598 putem
595 2516 686 2578 sidus
701 2516 820 2579 nostris
837 2536 1003 2579 occurrere
1013 2516 1107 2597 fiolis,

275 2621 397 2701 Quosve
410 2621 481 2684 deos
496 2621 530 2682 in
544 2641 592 2683 me
605 2621 685 2685 bello
699 2642 822 2684 movere
835 2626 984 2705 querar?
1033 2640 1035 2644 ⁴

164 2739 181 2804 5
235 2726 316 2808 Quoe
329 2726 416 2789 modo
429 2727 516 2790 dicto
530 2748 598 2790 meo
612 2734 668 2799 est,
687 2749 781 2810 quom
795 2729 876 2811 coepi
886 2729 972 2791 solus
985 2751 1104 2803 amore,

275 2832 356 2896 Cum
371 2833 485 2896 multis
499 2853 610 2897 uereor
624 2854 662 2896 ue
675 2835 719 2896 sit
731 2833 873 2897 habendo
888 2834 981 2898 miln'.

234 2939 414 3017 Fallimur,
431 2962 472 3003 on
486 2941 607 3003 nostris
622 2941 759 3003 innotuit
773 2940 836 3002 illa
850 2940 995 3005 libellis?

273 3046 301 3109 S
303 3047 411 3111 inerit
426 3069 436 3112 .·
453 3047 583 3131 ingemo
591 3047 741 3130 prostitit
755 3047 816 3110 illo
831 3067 906 3111 meo.

235 3153 281 3247 lit
296 3154 432 3217 merito!
445 3153 527 3236 quid
538 3154 749 3233 enirnformae
758 3153 1025 3236 praeconiafeci?

146 3277 181 3321 10
281 3260 459 3324 Vendibilis
471 3260 664 3345 cnlpafocta
671 3262 782 3343 puella
797 3281 864 3323 meo
879 3268 927 3323 est
935 3286 948 3334 ,·

234 3369 289 3433 Me
302 3370 410 3432 lenone
418 3369 534 3453 placet,
552 3368 630 3431 duce
643 3386 692 3430 me
699 3373 876 3450 perductus
887 3373 1021 3440 amator,

206 3496 210 3505 ’
273 3476 387 3556 Jonuo
397 3484 458 3557 per
472 3481 599 3538 nostras
611 3481 661 3536 est
673 3474 828 3557 adoperto
842 3494 966 3538 monus.

234 3583 286 3646 Au
298 3582 432 3663 prosint,
451 3581 590 3654 dubium,
609 3587 780 3644 nocuerunt
794 3581 938 3644 carmina
952 3591 1074 3664 semper
1089 3601 1098 3644 :

273 3689 414 3753 luoide'ae
427 3688 549 3751 noslris
563 3686 729 3768 illafuere
743 3687 842 3751 bouis.

758 3790 772 3817 Ι
