2648 4470
527 318 626 366 mess
642 282 772 367 omaus

265 1442 339 1490 ΗΜΛ
350 1427 458 1510 gnavi
470 1447 598 1490 numero
613 1427 812 1510 uiolentaque
826 1427 908 1491 bello
917 1427 1075 1511 parabam

124 1437 260 1715 Q
283 1535 401 1609 Edere,
420 1535 558 1597 materia
572 1535 770 1597 couuoeuiente
784 1535 904 1610 modis,-

214 1673 222 1680 ·
238 1650 240 1654 '
264 1643 338 1704 Pau
351 1648 423 1704 erat
438 1641 577 1720 inferior
591 1662 704 1704 uersus
718 1667 728 1704 .·
745 1642 860 1705 risisse
875 1641 998 1725 Cupido

203 1749 349 1823 Dicitur,
366 1755 460 1832 atque
475 1769 571 1810 unum
585 1749 784 1831 surrupuisse
793 1748 914 1830 pedatu.
1002 1809 1011 1831 2
1029 1824 1032 1830 Ι

91 1871 109 1937 5
162 1877 181 1919 <s
197 1857 280 1936 Quis
293 1856 359 1930 tibi,
378 1877 459 1919 saue
466 1865 558 1938 puer,
578 1855 667 1918 dedit
680 1856 735 1917 hoc
750 1855 784 1916 in
798 1855 944 1918 carmina
952 1831 1081 1938 sniis?

202 1963 376 2026 Pieridum
392 1970 490 2037 uates,
507 1984 567 2025 non
581 1970 645 2035 tua,
664 1961 759 2054 tumba
777 1958 897 2026 sumus.

165 2070 262 2152 Quid,
280 2071 313 2132 si
318 2070 496 2154 praeripiat
502 2068 606 2154 flavae
627 2069 729 2132 Venns
742 2089 834 2131 arma
848 2068 1019 2144 Mineruae,
1033 2095 1037 2102 ·

212 2177 349 2240 Ventilet
363 2175 606 2259 accensasflaoo
620 2175 900 2268 Mineroajafes?

167 2285 251 2366 Quis
261 2283 372 2367 probet
387 2285 420 2345 in
434 2283 530 2346 silvis
545 2283 694 2346 Cererem
710 2302 851 2366 regnare
858 2282 1004 2366 jugosis,
1102 2317 1105 2324 ·

75 2407 112 2453 10
204 2393 290 2474 Lege
298 2390 500 2474 pharetratae
514 2389 662 2472 oo'rginis
675 2410 757 2451 arua
771 2389 862 2452 coli?

164 2497 320 2560 Crinibus
335 2498 494 2580 insignem
508 2497 581 2581 quis
595 2503 688 2559 acuto
702 2495 829 2578 cuspide
843 2495 995 2559 Phoebum

203 2605 359 2678 Instruat,
378 2604 512 2667 Aoniam
527 2603 638 2666 Marte
651 2608 791 2665 mouente
805 2603 936 2684 lyram?

115 2696 118 2703 ¹
164 2713 251 2776 Sunt
265 2711 328 2774 tibi
339 2732 466 2794 magna,
479 2720 571 2794 puer,
591 2710 788 2791 nimiumque
798 2710 938 2792 potentia
953 2705 1057 2792 regna
1072 2729 1083 2772 .·

205 2820 364 2902 Canopus
378 2817 515 2900 affectas,
532 2817 704 2886 ambitiose,
724 2816 868 2878 nouum?

77 2938 111 3004 15
164 2928 226 2999 An,
244 2925 328 3009 quod
340 2924 461 3007 ubique,
479 2933 568 2987 tuum
583 2931 630 2987 est
640 2932 654 2988 t
666 2931 721 2986 tna
734 2930 809 2986 sunt
822 2923 990 2986 Heliconia
1004 2927 1138 3006 tempe?

212 3032 275 3095 Vix
288 3033 385 3094 etiam
399 3031 514 3094 Phoebo
520 3031 593 3116 jam
608 3033 684 3114 lyra
698 3037 767 3094 tuta
781 3052 839 3094 sua
854 3033 931 3094 est?

166 3141 247 3204 Cum
262 3139 337 3203 bene
349 3140 497 3200 surrexit
511 3159 606 3202 uersu
622 3159 699 3201 noua
709 3137 835 3222 pagiua
843 3137 961 3219 promo,

205 3247 359 3310 Attenuat
373 3267 485 3308 neruos
496 3245 665 3328 proximus
680 3244 738 3306 ille
751 3222 853 3318 meos,-

166 3359 234 3419 Noo
249 3352 333 3414 milii
344 3352 479 3414 matoria
493 3357 540 3414 est
554 3351 697 3413 numeris
711 3350 885 3412 leuioribus
898 3354 981 3433 opta,

73 3475 113 3521 20
205 3460 273 3522 Aut
283 3469 366 3542 puer
379 3465 435 3520 aut
448 3460 561 3542 longas
574 3465 692 3541 compta
702 3457 812 3540 puella
826 3477 936 3519 comas.
953 3475 971 3517 u

167 3568 306 3647 Questus
320 3587 418 3636 eroon,
431 3565 587 3649 pharetra
601 3563 828 3647 camprotz'nus
838 3563 1016 3634 illesoluta,

205 3673 304 3755 Legit
318 3672 353 3734 in
367 3673 501 3734 exotium
516 3672 637 3756 spo'cula
647 3670 738 3748 fitota
752 3690 863 3742 oneum,
910 3746 912 3753 y
