2648 4470
213 315 275 379 ιώ
581 325 880 383 mun-‘stemus

176 595 195 662 5
249 581 330 651 Hoc
341 587 390 647 est
399 581 560 666 praecipua
573 579 711 645 victora
723 580 828 666 digua
841 581 1015 667 triumpha,

288 688 326 752 Iu
338 707 409 772 qua,
427 706 629 772 quacumque
640 694 698 760 est.
714 688 874 773 sauguine
881 688 999 774 prada
1012 695 1116 757 caret,

247 796 321 859 Non
335 793 472 863 humiles
483 793 581 867 mure',
601 813 661 859 nau
670 795 787 879 paruis
797 795 1023 881 appidusasses

287 901 315 966 C
318 901 411 975 meta,
427 900 486 965 sed
494 906 544 966 est
556 899 654 964 ductu
666 907 757 984 capta
763 903 878 986 puello
891 922 972 967 meo.

246 1010 412 1092 Pergama
426 1028 496 1070 eum
508 1006 660 1071 caderent
672 1008 754 1075 betta
764 1015 918 1093 superata
931 1009 1077 1085 bilustri,

158 1133 194 1177 10
285 1115 402 1180 Extat
415 1115 450 1179 iu
464 1113 600 1179 Atridis
607 1123 690 1198 pars
701 1120 794 1198 quota
807 1115 919 1183 laudis
930 1119 1034 1184 erue

245 1222 293 1286 At
302 1241 370 1285 mea
382 1221 518 1305 seposita
531 1226 580 1285 est
591 1225 623 1285 et
635 1221 675 1285 ab
688 1222 777 1285 omui
786 1222 891 1289 milite
902 1222 1028 1291 dissors

285 1328 409 1402 Gloria,
426 1348 483 1392 uec
494 1328 627 1393 titulum
642 1329 785 1393 muneris
796 1330 883 1393 atur
896 1328 1016 1395 moes.-

245 1435 301 1499 Me
313 1434 391 1498 duce
402 1433 449 1498 ad
458 1434 540 1499 hanc
551 1435 734 1518 uatifiuem,
751 1456 800 1499 me
813 1435 919 1501 milite
933 1435 1033 1512 vaae}

282 1541 353 1625 Ipse
364 1560 468 1624 eques.
487 1542 554 1625 ipse
560 1541 669 1626 pedes,
684 1540 831 1624 sagenifer
844 1543 912 1626 ipse
915 1542 989 1623 fui.

155 1661 190 1727 15
244 1647 313 1712 Nec
325 1667 431 1712 casum
433 1648 574 1732 firtuuo
588 1649 667 1711 meis
682 1648 857 1713 immiscuit
872 1649 982 1713 actas:

282 1755 357 1818 Huc
369 1754 455 1831 ades,
471 1774 580 1819 ecura
587 1760 686 1838 parta
702 1754 878 1838 Triumphe
893 1765 985 1821 meat

243 1861 313 1924 Nec
324 1859 406 1925 belli
416 1881 496 1925 nova
507 1881 602 1925 causa
616 1880 685 1924 mea
698 1866 745 1925 est
759 1883 770 1926 .·
784 1861 854 1926 nusi
864 1867 959 1946 rapta
964 1861 1092 1940 fuisset

286 1966 460 2051 Tyndaris,
476 1969 512 2033 E
513 1978 620 2052 urapae
626 1976 697 2051 pax
710 1968 859 2053 astuque
861 1966 957 2048 forat
964 1993 980 2044 ,·

242 2074 381 2143 Femina
393 2074 566 2140 siluestres
579 2074 736 2158 Lapathus
742 2074 959 2159 populumque
970 2075 1142 2158 besorum

152 2197 192 2247 20
287 2182 442 2266 Turpiter
448 2181 593 2266 apposita
606 2182 707 2247 uertit
721 2182 756 2247 iu
770 2201 864 2246 arma
878 2202 964 2247 mera
974 2207 988 2257 ,-

243 2286 380 2355 Femina
397 2288 555 2371 Trojanos
568 2289 688 2353 iterum
703 2307 782 2353 nava
795 2288 879 2355 bella
893 2308 1018 2355 movere

283 2395 418 2480 Impulit
433 2395 468 2458 o'n
483 2415 593 2480 reguo,
603 2395 697 2479 juste
709 2395 835 2468 Latine,
851 2401 928 2472 tua;

242 2501 379 2565 Femina
393 2500 546 2567 Romanis
556 2501 739 2567 etiamnunc
753 2501 839 2566 Urbe
853 2501 975 2566 receuti

282 2606 421 2671 Immisit
433 2627 560 2681 soceros,
577 2627 729 2692 armaque
742 2628 827 2672 saeva
840 2607 949 2682 dedet·

151 2730 190 2797 25
251 2713 330 2778 Vidi
338 2734 396 2800 ega
406 2725 467 2800 pra
479 2714 574 2778 niuea
582 2718 765 2798 pugnantes
779 2713 913 2797 conjuge
926 2719 1038 2776 tauros
1052 2738 1063 2777 :

281 2820 472 2906 Spectatrix
484 2821 606 2886 anemos
620 2822 690 2905 ipsa
699 2820 843 2903 juvenca
857 2818 966 2885 dabat.

243 2929 299 2992 Me
312 2949 438 3012 quaque,
456 2929 517 3012 qui
526 2930 649 3003 mattos,
667 2927 726 2991 sed
737 2947 785 2990 me
797 2927 867 2991 sine
879 2926 970 3001 cede,
990 2925 1116 3011 Cupido

284 3036 397 3117 Jussit
410 3036 540 3100 militia
552 3036 649 3119 sigua
665 3053 789 3099 mouere
802 3053 880 3099 suu.
