2648 4470
199 276 255 359 176
590 290 690 339 mose
711 289 861 338 coenus

235 545 269 607 E
269 566 317 609 cce
326 555 411 629 pner
432 543 563 605 Veneris
566 544 642 623 fert
656 565 859 628 eversamque
866 543 1068 626 pharetram,

273 653 307 715 E
307 658 322 713 t
325 651 452 734 fractos
465 671 570 727 arcus,
587 658 618 713 et
631 652 702 714 sine
716 652 908 732 lucefacem.

235 758 370 840 Adspice
384 758 533 820 demissis
548 764 583 819 nt
596 764 647 821 eat
660 759 860 821 miserabilis
874 758 947 829 alis,

273 865 469 945 Pectoraque
484 864 602 946 infesta
617 865 735 927 tundat
749 871 859 949 aperta
875 884 993 935 mann,-

235 972 414 1054 Excrpiunt
428 972 585 1035 lacrimas
597 972 709 1055 sparsi
716 983 779 1055 per
792 973 871 1033 colla
886 970 1009 1054 capilli,

276 1076 407 1159 Oraque
420 1079 571 1160 singultu
586 1078 781 1140 concutiente
795 1084 908 1140 sonant
925 1099 935 1139 :

234 1183 372 1246 Fratris
388 1185 422 1245 in
436 1185 554 1247 AEneae
567 1186 614 1247 sic
630 1185 724 1246 illum
731 1185 854 1264 funere
868 1184 981 1245 dicunt

274 1293 455 1374 Egressum
469 1291 569 1366 tectis,
581 1290 720 1374 pulcher
734 1292 816 1366 lule,
833 1292 899 1352 tuis
911 1316 922 1363 ;

235 1398 304 1461 Nec
318 1397 424 1459 minus
437 1403 484 1458 est
496 1397 625 1476 confusa
648 1398 749 1459 Venus
765 1398 916 1459 moriente
935 1396 1070 1467 Tibullo,

159 1490 163 1497 ¹
276 1503 379 1583 Quam
388 1503 512 1584 juveni
524 1503 615 1586 rupit
629 1503 803 1583 cumserus
819 1503 939 1585 inguen
954 1513 1043 1586 aper.

235 1612 281 1675 At
293 1611 384 1672 sacri
394 1616 484 1671 uates
497 1615 528 1671 et
542 1609 654 1671 dc'oum
669 1631 747 1672 curu
764 1630 935 1684 vocamur;

274 1717 360 1780 Sunt
373 1719 477 1788 etiam,
497 1717 559 1797 qni
567 1736 622 1778 nos
637 1739 751 1780 numen
766 1716 879 1778 habere
889 1721 1025 1799 putent:

235 1823 369 1903 Scilicet
382 1843 469 1886 omne
483 1843 609 1885 sacrum
624 1845 708 1885 mors
723 1824 904 1906 importuna
917 1820 1080 1904 profanat,

279 1929 433 1992 Omnibus
447 1931 596 1992 obscuras
611 1930 724 2012 injicit
739 1930 798 1992 illa
814 1951 926 1992 manns
936 1933 950 1992 l

238 2037 328 2119 Quod
335 2043 432 2120 pater
445 2036 592 2112 Ismario,
608 2037 687 2119 quid
700 2042 803 2099 mater
811 2035 941 2118 profuit
956 2034 1106 2117 Orploeo?

277 2143 431 2206 Carmine
444 2143 526 2226 quid
538 2145 638 2205 uictas
653 2143 848 2226 obstupuisse
852 2142 976 2223 feerasl

237 2251 271 2313 E
272 2257 286 2312 t
298 2250 401 2311 Linon
417 2250 450 2310 in
464 2249 564 2311 siluis
579 2250 661 2312 idem
670 2256 765 2331 pater
780 2271 799 2312 ‹<
813 2247 973 2311 AElinoul
988 2268 1006 2309 >›
1020 2246 1101 2308 altis

277 2355 412 2418 Dicitur
428 2357 530 2417 inuito
545 2356 740 2418 concinuisse
756 2357 842 2438 lyra

238 2461 353 2545 Adjice
367 2462 555 2534 Meoniclen,
573 2483 667 2544 aquo
682 2463 834 2543 ceufonte
843 2462 984 2545 perenni

285 2569 398 2631 Vatum
411 2569 539 2631 Pieriis
552 2590 609 2630 ora
624 2570 782 2652 rigantur
797 2569 889 2650 aquis
900 2594 912 2640 ,-

239 2676 335 2739 Hunc
348 2696 470 2757 quoque
482 2697 604 2738 summa
618 2677 688 2737 oties
703 2677 800 2759 aegro
814 2674 987 2737 submersit
1002 2675 1141 2735 Averno.

280 2783 467 2865 Defugiunt
480 2782 591 2844 aazias
605 2781 750 2845 carmina
764 2783 831 2843 sola
848 2802 942 2864 rogos
959 2803 968 2844 :

187 2894 192 2909 '
241 2891 360 2959 Durat,
378 2900 454 2972 opus
469 2898 586 2957 vatum,
611 2890 641 2950 T
637 2890 751 2970 rojani
759 2889 848 2965 farno
862 2889 994 2961 laboris,

285 2997 451 3079 Tardaque
465 3003 616 3059 nocturno
631 2997 694 3057 tela
710 3001 835 3057 retexta
850 2996 928 3056 cloio.

242 3098 301 3166 Sic
314 3104 463 3166 Nemesis
478 3105 616 3185 longum,
635 3103 681 3164 sic
696 3103 794 3165 Delia
810 3122 918 3163 nomen
933 3098 1098 3169 habebunt,

182 3187 186 3195 Ι
282 3212 398 3273 Altera
412 3230 490 3271 curu
507 3231 622 3280 recens,
641 3211 747 3271 altera
759 3209 888 3291 primus
902 3227 1001 3271 arnor.

173 3310 176 3315 ’
246 3318 338 3396 Quid
350 3337 403 3378 vos
418 3338 510 3379 sacro
520 3316 668 3397 juvant?
683 3316 764 3397 quid
777 3335 860 3376 nunc
874 3314 1041 3396 AEgyplic
1052 3317 1191 3395 prosunt

284 3423 395 3484 Sistra
409 3426 427 3485 l
441 3422 522 3503 qou'd
537 3424 570 3483 in
586 3443 681 3483 vocuo
695 3423 873 3484 secubuisse
887 3427 980 3483 toro?

155 3547 191 3611 35
250 3533 329 3594 Cum
346 3531 480 3612 rapiunt
494 3531 577 3591 malo
609 3535 660 3590 ota
676 3529 773 3600 boreos,
794 3528 946 3611 ignoscite
950 3526 1044 3607 fasso
1059 3546 1068 3586 .·

287 3637 457 3699 Sollicitor
472 3636 578 3696 nullos
592 3655 660 3697 esse
669 3643 788 3716 putare
802 3635 884 3696 deos.
