2648 4470
576 341 678 391 LmER
693 341 880 394 SECUNDUS

340 1465 442 1524 Nuus,
452 1450 605 1535 formosas
618 1450 767 1535 digitum
782 1451 929 1514 vincture
936 1451 1069 1536 puella,

199 1459 337 1740 Q
358 1559 397 1622 In
409 1570 468 1642 quo
480 1557 667 1622 censendum
681 1559 733 1623 nil
745 1558 817 1621 nisi
828 1558 938 1623 dantis
952 1579 1051 1634 amor,
1134 1564 1136 1570 '

341 1668 462 1730 Munus
475 1687 528 1728 eas
538 1672 694 1750 gramm,-
708 1667 944 1743 tedaetauunto
960 1673 1123 1752 receptum

277 1774 437 1837 Protinus
446 1773 600 1837 articulis
616 1773 731 1836 induat
744 1774 805 1837 illa
818 1774 889 1836 suis
897 1799 908 1846 ,-

167 1894 183 1958 5
244 1882 320 1944 Tam
334 1880 407 1943 bene
420 1879 594 1952 convenias,
612 1900 705 1963 qnam
720 1901 838 1944 mecum
852 1881 999 1947 convenit
1015 1881 1082 1954 illi,
1129 1933 1137 1958 ἱ

277 1989 325 2051 Et
339 1987 481 2071 digitum
490 1985 584 2068 justo
597 1987 771 2050 commodus
779 1988 852 2051 orbe
864 1992 981 2051 teras!

238 2099 271 2162 F
271 2097 351 2172 etin,
368 2116 387 2158 a
402 2097 529 2160 domina
542 2095 742 2167 tractatoris,
760 2097 862 2166 anule,
882 2100 994 2157 nostra
1006 2120 1017 2157 :

278 2203 406 2265 Invideo
421 2203 512 2264 donis
519 2202 596 2284 jam
611 2202 711 2264 miser
726 2199 793 2284 ipse
807 2201 897 2264 meis.

243 2310 271 2371 O
287 2307 503 2392 utinamfieri
514 2309 617 2371 subito
633 2328 701 2370 mea
716 2329 850 2370 munera
861 2317 992 2390 possem,
1101 2361 1104 2367 .

154 2432 188 2473 ιο
280 2414 417 2478 Artibus
431 2415 537 2476 AEeeae
554 2415 766 2498 Carpathiive
779 2415 886 2479 senist

246 2523 276 2585 T
272 2543 332 2584 unc
344 2543 402 2605 ego
416 2527 445 2583 te
459 2521 592 2604 cupiam,
611 2521 748 2595 domina,
765 2527 796 2583 et
809 2521 960 2604 tetigisse
971 2522 1123 2605 papillas

281 2630 329 2692 Et
343 2629 455 2690 levam
467 2627 587 2689 tunicis
602 2628 779 2690 inseruisse
794 2647 942 2692 manum:

243 2736 371 2798 Elabar
384 2735 500 2818 digito,
517 2735 666 2816 quamvis
678 2742 838 2818 angustus
851 2735 1030 2805 ethereus,

282 2843 382 2924 inque
395 2842 503 2904 sinum
518 2842 605 2904 mira
620 2843 714 2904 laxus
728 2842 767 2904 ab
781 2847 852 2904 arte
865 2841 993 2914 codam,-

156 2964 189 3026 15
244 2949 330 3013 Idem
344 2971 409 3034 ego,
430 2957 466 3012 ut
478 2969 616 3012 arcanas
623 2948 743 3031 possim
758 2949 895 3030 signare
908 2948 1055 3018 tabellas,

283 3057 374 3118 Neve
387 3062 484 3118 tenax
497 3077 602 3118 ceram
616 3056 759 3138 siccaque
770 3075 898 3137 gemma
913 3053 1033 3127 trahat,

245 3163 549 3243 Humidaformosee
563 3169 697 3246 tangam
706 3164 807 3245 prins
820 3182 877 3225 ora
886 3161 1007 3246 puellae
1026 3183 1037 3225 .·

290 3270 425 3331 Tantum
440 3291 478 3332 ne
491 3271 617 3354 signem
630 3269 753 3352 scripta
768 3268 902 3332 dolenda
917 3267 1010 3332 mitti.

244 3374 290 3437 Si
299 3374 404 3446 dabor,
425 3383 459 3437 nt
472 3377 592 3439 condar
606 3377 727 3445 loculos,
745 3377 840 3439 exire
855 3375 983 3460 negabo,

154 3496 192 3542 20
285 3481 510 3565 Adstringens
525 3483 647 3565 digitos
660 3483 733 3545 orbe
746 3485 868 3548 mz'nore
882 3489 963 3545 tuos.

245 3588 318 3650 Nou
333 3610 390 3671 ego
405 3589 552 3652 dedecori
564 3589 629 3652 tibi
639 3591 710 3659 sim,
730 3612 797 3652 mea
812 3590 889 3665 oo'ta,
904 3589 1052 3666 facturus,

285 3695 415 3774 Quodne
428 3703 519 3758 tener
531 3697 766 3779 dignitusferre
778 3704 914 3772 recuset,
932 3717 1021 3758 onus.
